,Date,close,volume,ttm_net_eps,pe_ratio,ttm_sales_per_share,book_value_per_share,ttm_fcf_per_share,current_assets,current_ratio,current_assets___inventory,quick_ratio,total_liabilities,debt_to_equity_ratio,return_on_equity,return_on_assets,tangible_equity,return_on_tangible_equity,current_liabilities,shareholder's_equity,ttm_net_income,cash_on_hand,total_share_holder_equity,revenue,gross_profit,operating_income,ebitda,net_income,eps_earnings_per_share_diluted,ps_ratio,pb_ratio,pfcf_ratio,total_assets,Industry,Ticker,pe_ratio_industry_avg
0,2009-03-31,35.12817383,18517700.0,4.392528192,10.08275992,22.05431778,15.87,5.387273075,34.84,1.63,29.48,1.38,42.31,0.97,25.67028738,13.56416033,18.97608778,68.93272789,21.33,43.79,12.25012378,15223.54502,46221.71322,15265.91953,10790.24082,4953.270112,5711.275636,3453.371837,1.237014515,2.021076061,2.418869063,8.227996531,94.48165876,Healthcare,JNJ,7.177199014624999
1,2009-06-30,36.31231489619047,13702098.412698412,4.392528192,10.082759920000003,22.05431778,15.87,5.387273075,34.84,1.63,29.48,1.38,42.31,0.97,25.67028738,13.56416033,18.97608778,68.93272789,21.33,43.79,12.25012378,15223.54502,46221.71322,15265.91953,10790.24082,4953.270112,5711.275636,3453.371837,1.237014515,2.021076061,2.418869063,8.227996531,94.48165876,Healthcare,JNJ,7.177199014624999
2,2009-09-30,40.5437663790625,13713376.5625,4.391154416,10.07132639,22.10624329,16.79,5.431080357,35.49,1.79,30.02,1.51,41.19,0.89,25.6384919,13.55458054,18.92652005,68.79526379,19.89,46.25,12.21946371,14716.0,46247.0,15239.0,10789.0,4263.0,5077.0,3208.0,1.15,2.037809008,2.418448735,8.058835437,94.33981545,Healthcare,JNJ,7.1190626025000014
3,2009-12-31,42.38708680953125,7526257.8125,4.404203342,10.06058574,22.15025597,18.27,5.448990876,35.6,1.85,30.03,1.56,41.17,0.82,25.72284576,13.63542047,19.35968519,68.62213167,19.25,50.38,12.28772959,14337.0,50384.0,15081.0,10647.0,4245.0,5090.0,3345.0,1.2,1.995095101,2.39143937,7.925780425,94.3990966,Healthcare,JNJ,7.2007514998749995
4,2010-03-31,43.95486112491803,5646518.032786885,4.4,10.09772727,22.2,18.37,5.15,39.54,1.82,34.36,1.58,44.09,0.87,25.69,13.64,19.4,69.72,21.73,50.59,12.27,19425.0,50588.0,16551.0,11239.0,2604.0,3453.0,2206.0,0.79,2.001351351,2.418617311,8.627184466,94.68,Healthcare,JNJ,7.071211982124999
5,2010-06-30,43.050304290952376,8500884.126984127,4.76,9.521008403,22.4,19.19,5.5,38.86,2.1,33.55,1.81,40.53,0.77,26.55,14.47,21.14,69.33,18.5,52.91,13.29,18010.0,52914.0,15631.0,11103.0,6280.0,7149.0,4526.0,1.62,2.023214286,2.361646691,8.24,93.44,Healthcare,JNJ,7.333415035500001
6,2010-09-30,41.565055488906246,20070148.4375,4.84,8.559917355,22.4,19.19,5.69,39.02,2.27,33.95,1.98,39.45,0.75,26.17,14.54,21.76,66.77,17.16,52.85,13.53,18901.0,52851.0,15330.0,10700.0,4220.0,5075.0,3449.0,1.23,1.849553571,2.158936946,7.281195079,92.3,Healthcare,JNJ,6.972681290875
7,2010-12-31,44.45039969625,9530314.0625,4.87,9.008213552,22.38,20.85,5.76,42.72,2.45,37.31,2.14,40.96,0.72,25.46,14.36,24.85,62.41,17.41,57.29,13.6,22126.0,57291.0,14982.0,10388.0,4219.0,5065.0,3417.0,1.23,1.96023235,2.104076739,7.616319444,98.25,Healthcare,JNJ,8.131461175624999
8,2011-03-31,43.17353900790322,5850201.612903226,4.78,9.240585774,22.06,20.66,5.21,47.31,2.05,41.93,1.82,46.33,0.82,24.28,13.79,24.57,57.77,23.07,56.58,13.33,27658.0,56579.0,15644.0,10604.0,2228.0,3159.0,1942.0,0.7,2.002266546,2.137947725,8.477927063,102.91,Healthcare,JNJ,18.160657246125005
9,2011-06-30,46.476255508095235,10712441.26984127,4.41,9.682539683,22.3,21.86,4.72,49.22,2.05,43.02,1.79,48.29,0.81,21.69,12.23,25.05,51.06,24.01,59.86,12.28,26867.0,59863.0,16173.0,11395.0,4510.0,5411.0,3476.0,1.25,1.914798206,1.953339433,9.046610169,108.15,Healthcare,JNJ,13.818133985125
10,2011-09-30,46.839739680625,9222254.6875,4.18,11.56698565,22.79,22.67,4.71,52.67,2.51,46.26,2.2,49.98,0.8,19.69,11.02,27.51,45.54,20.99,62.13,11.61,29682.0,62132.0,16597.0,11425.0,3422.0,4346.0,2776.0,1.0,2.121544537,2.132774592,10.26539278,112.11,Healthcare,JNJ,11.307551287625
11,2011-12-31,46.73811001285714,8923300.0,4.1,11.3902439,23.17,22.52,4.62,53.44,2.46,47.02,2.17,50.29,0.82,18.99,10.48,27.25,43.67,21.69,61.53,11.4,30927.0,61527.0,16005.0,10933.0,4111.0,5045.0,3202.0,1.15,2.015537333,2.073712256,10.10822511,111.82,Healthcare,JNJ,9.203596208375
12,2012-03-31,47.99932738322581,4959700.0,3.48,13.94827586,23.42,20.95,4.59,54.32,2.38,48.03,2.11,56.56,0.99,16.08,8.68,22.8,37.7,22.81,57.08,9.67,32261.0,57080.0,16255.0,10917.0,318.0,1379.0,218.0,0.09,2.072587532,2.316945107,10.5751634,113.64,Healthcare,JNJ,9.954576750125
13,2012-06-30,47.903408474126984,11307700.0,3.64,13.53021978,23.4,22.35,4.83,57.01,2.69,50.21,2.37,54.83,0.89,16.7,8.91,26.87,38.71,21.2,61.37,10.11,33847.0,61366.0,16139.0,11224.0,5045.0,5982.0,3910.0,1.41,2.104700855,2.203579418,10.19668737,116.19,Healthcare,JNJ,10.06215656775
14,2012-09-30,51.29482414571429,18286000.0,3.14,16.21974522,23.32,21.97,5.05,41.62,1.75,33.92,1.42,55.32,0.92,14.54,7.64,9.82,40.29,23.85,60.43,8.74,16915.0,60434.0,16475.0,11332.0,2035.0,3044.0,1408.0,0.5,2.183962264,2.318161129,10.08514851,115.75,Healthcare,JNJ,10.944599655875
15,2012-12-31,53.05142544096774,10283488.709677419,3.04,17.24342105,23.61,23.08,5.02,44.79,1.87,36.98,1.55,55.19,0.87,14.02,7.32,13.19,46.8,23.94,63.76,8.5,19771.0,63761.0,17052.0,11455.0,3595.0,4750.0,2968.0,1.05,2.220245659,2.271230503,10.44223108,118.95,Healthcare,JNJ,12.893316887874999
16,2013-03-31,57.841409047166664,9691100.0,3.87,13.89922481,24.0,23.33,4.97,46.12,1.9,38.62,1.59,56.52,0.87,17.34,9.19,13.65,68.33,24.26,64.83,10.85,21089.0,64826.0,17558.0,11555.0,3100.0,4261.0,2567.0,0.9,2.24125,2.305615088,10.82293763,121.35,Healthcare,JNJ,12.003429725777778
17,2013-06-30,65.35491234078125,11332100.0,3.68,17.13586957,24.3,23.85,4.64,47.23,2.1,39.54,1.76,54.68,0.82,16.32,8.74,16.5,78.55,22.52,66.86,10.44,21668.0,66855.0,17505.0,11951.0,4261.0,5443.0,3497.0,1.22,2.595061728,2.644025157,13.59051724,121.54,Healthcare,JNJ,14.680947031777777
18,2013-09-30,69.60587275140625,11795750.0,4.51,14.83813747,24.6,24.75,4.71,51.27,2.16,43.45,1.83,54.66,0.79,19.41,10.59,19.62,81.73,23.77,69.67,12.87,25129.0,69665.0,17877.0,12388.0,4793.0,5918.0,3833.0,1.33,2.720325203,2.703838384,14.20806794,124.33,Healthcare,JNJ,15.22364472922222
19,2013-12-31,72.0339150428125,5444053.125,4.5,15.12666667,24.65,24.75,4.94,52.18,2.02,44.05,1.71,57.13,0.82,19.0,10.43,18.49,75.47,25.84,69.8,12.88,25228.0,69804.0,17575.0,12231.0,3667.0,4766.0,2982.0,1.04,2.761460446,2.75030303,13.77935223,126.93,Healthcare,JNJ,13.990938475222224
20,2014-03-31,72.99706455983606,4442983.606557377,4.82,15.02282158,24.78,26.25,4.96,56.41,2.2,48.53,1.89,58.63,0.79,19.73,10.94,23.31,71.01,25.68,74.05,13.83,29206.0,74053.0,18355.0,12400.0,2750.0,4004.0,3519.0,1.22,2.9221146090000003,2.75847619,14.59879032,132.68,Healthcare,JNJ,17.09298183122222
21,2014-06-30,80.14080556206349,8778650.793650793,5.24,14.92748092,24.96,27.08,5.49,57.37,2.41,49.36,2.07,56.75,0.74,20.77,11.65,26.76,68.32,23.84,76.58,15.06,29392.0,76582.0,18115.0,12660.0,5424.0,6591.0,4727.0,1.64,3.133814103,2.888478582,14.24772313,133.33,Healthcare,JNJ,18.582123174555555
22,2014-09-30,82.79634702140625,6464853.125,5.42,15.47785978,25.56,27.65,5.83,60.12,2.47,51.96,2.13,57.15,0.73,20.84,11.78,28.94,63.82,24.36,78.05,15.55,31624.0,78048.0,19495.0,13456.0,5626.0,6720.0,4326.0,1.51,3.282081377,3.033996383,14.38936535,135.2,Healthcare,JNJ,20.00234701666667
23,2014-12-31,84.68517041234375,6547070.3125,6.04,14.24668874,25.91,27.31,6.76,59.97,2.61,51.55,2.24,55.51,0.73,22.7,12.99,28.65,64.36,22.98,76.59,17.32,33005.0,76591.0,18467.0,13068.0,6810.0,7897.0,4749.0,1.66,3.32111154,3.150860491,12.72928994,132.1,Healthcare,JNJ,24.95502443333333
24,2015-03-31,82.28560413377049,4399396.721311475,5.7,14.90701754,25.91,25.06,6.85,55.74,2.23,47.56,1.9,60.61,0.87,21.69,12.3,20.7,62.16,25.03,69.75,16.32,33089.0,69752.0,18254.0,12401.0,2703.0,3850.0,2521.0,0.89,3.279428792,3.39066241,12.40437956,130.36,Healthcare,JNJ,26.619890545555556
25,2015-06-30,81.60113065190477,6141988.888888889,5.59,14.72450805,25.75,24.45,6.56,58.19,2.44,50.11,2.1,60.71,0.89,21.78,12.1,19.51,65.1,23.84,67.88,15.92,31319.0,67878.0,17374.0,12092.0,5575.0,6627.0,4320.0,1.53,3.196504854,3.366462168,12.5472561,128.59,Healthcare,JNJ,25.44821354111111
26,2015-09-30,79.4005538221875,11156667.1875,5.69,14.11775044,25.29,25.69,6.8,61.0,2.49,52.7,2.15,60.91,0.86,22.58,12.32,22.62,70.43,24.51,71.13,16.11,33954.0,71131.0,17787.0,12430.0,5741.0,6785.0,4516.0,1.61,3.17635429,3.126897626,11.81323529,132.04,Healthcare,JNJ,26.86753019555556
27,2015-12-31,83.18104147953125,11400121.875,5.23,14.82600382,24.94,25.86,6.13,63.49,2.51,55.29,2.19,61.71,0.86,21.0,11.23,24.29,67.57,25.26,71.55,14.72,37306.0,71554.0,17102.0,11878.0,4122.0,5206.0,3358.0,1.2,3.109061748,2.99845321,12.64926591,133.27,Healthcare,JNJ,22.871477384444447
28,2016-03-31,86.28790545934427,3870757.37704918,5.49,15.6557377,24.9,25.82,6.96,60.21,2.17,52.16,1.88,62.26,0.88,21.88,11.69,23.76,68.35,27.75,71.15,15.41,38376.0,71150.0,17811.0,12138.0,3758.0,5004.0,3215.0,1.14,3.451807229,3.328814872,12.34913793,133.41,Healthcare,JNJ,24.221788491111113
29,2016-06-30,95.36496055203125,5296532.8125,5.5,16.58,24.98,26.4,6.66,62.74,2.83,54.57,2.47,63.58,0.88,21.71,11.62,24.96,65.03,22.13,72.65,15.55,39855.0,72647.0,17482.0,12153.0,5294.0,6428.0,4457.0,1.59,3.650520416,3.454166667,13.69219219,136.23,Healthcare,JNJ,22.489345044444445
30,2016-09-30,102.52069068328125,8307885.9375,5.32,19.35150376,25.27,26.47,6.19,66.29,3.08,57.77,2.68,67.34,0.93,20.88,11.08,24.68,61.54,21.54,72.47,15.03,42584.0,72473.0,18482.0,13146.0,4904.0,6082.0,3997.0,1.43,4.074000791,3.889308651,16.63166397,139.81,Healthcare,JNJ,23.61722938111111
31,2016-12-31,98.27382708269842,6190200.0,5.65,17.86371681,25.58,26.73,5.86,63.32,2.73,54.83,2.36,67.6,0.93,22.06,11.6,21.96,66.88,23.23,72.77,15.94,40433.0,72769.0,17820.0,12334.0,5281.0,6478.0,4272.0,1.53,3.945660672,3.77590722,17.22354949,140.37,Healthcare,JNJ,24.464913686666666
32,2017-03-31,102.31226250725805,5493877.419354838,5.88,16.85714286,25.74,26.02,6.03,65.03,2.47,56.89,2.16,70.79,1.01,22.95,11.86,20.74,71.66,26.29,70.42,16.54,41907.0,70418.0,18106.0,12468.0,4324.0,5663.0,3814.0,1.38,3.8508158510000006,3.809377402,16.43781095,141.21,Healthcare,JNJ,21.500880257777776
33,2017-06-30,109.97050149365079,4728180.952380952,5.95,18.12605042,25.95,26.1,6.33,63.35,2.52,54.47,2.17,74.58,1.06,23.08,11.66,16.03,79.16,25.12,70.34,16.51,39343.0,70341.0,17766.0,12357.0,5575.0,6812.0,4422.0,1.61,4.156069364,4.132183908,17.03791469,144.92,Healthcare,JNJ,24.10329047333333
34,2017-09-30,114.99634442857143,5750000.0,5.92,19.47804054,26.21,26.78,6.62,38.79,1.34,29.09,1.01,80.89,1.13,22.89,11.28,-14.25,146.93,28.87,71.92,16.34,12853.0,71922.0,18839.0,12993.0,4748.0,6230.0,3827.0,1.4,4.399465853,4.305825243,17.418429,152.81,Healthcare,JNJ,25.692912138888893
35,2017-12-31,121.58275084126984,5736900.0,5.76,19.80034722,26.99,27.55,7.11,41.83,1.32,32.31,1.02,81.68,1.1,22.08,10.65,-11.9,596.35,31.81,73.98,15.83,16231.0,73979.0,19650.0,12725.0,4790.0,6804.0,3764.0,1.37,4.225639126,4.139745917,16.04078762,155.66,Healthcare,JNJ,25.43279173777778
36,2018-03-31,118.71236707868853,4452900.0,0.39,316.1794872,27.86,22.43,7.14,43.09,1.41,34.32,1.12,97.14,1.62,1.88,0.85,-24.97,-14.82,30.54,60.16,1.3,18296.0,60160.0,20195.0,12936.0,2560.0,4788.0,-10713.0,-3.91,4.426058866,5.497547927,17.27030812,157.3,Healthcare,JNJ,39.507209774888885
37,2018-06-30,110.3205333953125,6119400.0,0.38,299.5263158,28.73,23.58,7.36,42.77,1.58,33.75,1.25,93.37,1.48,1.85,0.8,-20.26,-6.98,27.08,63.26,1.25,15204.0,63255.0,20009.0,13395.0,5481.0,7600.0,4367.0,1.6,3.961712496,4.82697201,15.46467391,156.63,Healthcare,JNJ,93.44112360188889
38,2018-09-30,118.35484131904762,7308700.0,0.43,252.4883721,29.51,23.45,7.7,45.44,1.65,36.63,1.33,92.48,1.47,2.11,0.88,-17.51,-7.35,27.49,62.89,1.37,18139.0,62889.0,20830.0,13903.0,4973.0,7069.0,3954.0,1.45,3.679091833,4.629850746,14.1,155.37,Healthcare,JNJ,20.61799328288889
39,2018-12-31,125.03613729365078,6636892.063492063,0.5,248.9,29.79,24.09,7.48,47.19,1.72,38.52,1.4,91.08,1.41,2.46,0.99,-14.71,-7.96,27.44,64.63,1.54,19364.0,64626.0,20348.0,13759.0,4423.0,6572.0,3934.0,1.44,4.177576368,5.166044002,16.63770053,155.7,Healthcare,JNJ,90.27433399600001
40,2019-03-31,120.88040223278688,6537200.0,6.36,18.39308176,31.31,22.44,6.88,46.03,1.47,37.43,1.2,93.2,1.56,24.42,9.86,-18.31,-86.43,31.23,59.75,15.3,19687.0,59752.0,20394.0,13433.0,3122.0,5303.0,3042.0,1.12,3.736186522,5.213012478,17.00290698,152.95,Healthcare,JNJ,28.421193143333333
41,2019-06-30,125.73453291269841,7168400.0,6.3,20.24603175,31.08,22.2,5.81,41.99,1.44,32.9,1.13,91.07,1.55,23.85,9.56,-19.39,-83.96,29.11,58.96,14.68,15336.0,58955.0,20021.0,13406.0,4422.0,6384.0,3749.0,1.39,4.103925354,5.745495495,21.9535284,150.03,Healthcare,JNJ,26.830040716666662
42,2019-09-30,120.507580759375,12686370.3125,6.94,18.43659942,31.26,23.01,6.74,41.8,1.33,32.54,1.04,94.33,1.55,26.76,10.64,-22.21,-87.54,31.35,60.79,16.33,15278.0,60785.0,20562.0,13622.0,7041.0,8917.0,5607.0,2.08,4.093090211,5.560625815,18.98367953,155.12,Healthcare,JNJ,26.216498794444444
43,2019-12-31,124.9920580359375,5958325.0,6.4,18.571875,30.3,22.13,11.46,44.33,1.26,35.16,1.0,97.31,1.67,23.81,9.22,-22.93,-68.33,35.16,58.21,14.15,17945.0,58210.0,20729.0,13862.0,1647.0,3511.0,1753.0,0.66,3.922772277,5.370989607,10.37172775,155.52,Healthcare,JNJ,26.898440008888894
44,2020-03-31,131.6167191532258,3227020.9677419355,6.78,19.90265487,30.55,22.59,8.64,45.27,1.26,36.25,1.01,98.26,1.65,25.47,9.78,-21.81,-70.04,35.96,59.47,15.12,19287.0,59471.0,20747.0,13613.0,4218.0,6200.0,4010.0,1.5,4.417021277,5.973439575,15.61805556,157.73,Healthcare,JNJ,30.36756863
45,2020-06-30,136.09992702380953,21492980.95238095,7.56,16.1494709,30.88,23.28,8.5,44.23,1.31,35.36,1.05,93.72,1.53,28.64,11.01,-19.52,-79.42,33.69,61.29,17.17,18024.0,61294.0,20691.0,13629.0,6509.0,8348.0,5796.0,2.17,3.95369171,5.244415808,14.36352941,155.02,Healthcare,JNJ,31.277149351444436
46,2020-09-30,139.1344637890625,5332593.75,6.84,19.27631579,30.12,23.92,6.65,45.89,1.25,36.47,0.99,95.4,1.52,25.1,9.69,-18.33,-73.55,36.77,62.98,15.19,19135.0,62978.0,18336.0,11757.0,3940.0,5730.0,3626.0,1.36,4.37749004,5.512123746,19.82706767,158.38,Healthcare,JNJ,-33.747826423333336
47,2020-12-31,139.7051518,6747415.625,6.36,22.0927673,30.25,24.49,6.91,57.58,1.48,47.98,1.24,106.22,1.65,27.37,10.59,-16.84,-88.83,38.85,64.47,16.99,30781.0,64473.0,21082.0,14110.0,4401.0,6275.0,3554.0,1.33,4.644958678,5.737443855,20.33429812,170.69,Healthcare,JNJ,-28.699564292222224
48,2021-03-31,154.22865020327868,5442693.442622951,5.51,27.14700544,30.94,24.04,7.67,51.24,1.21,41.89,0.99,111.62,1.76,23.35,8.93,-26.52,-72.49,42.49,63.28,14.71,25185.0,63278.0,22475.0,14661.0,1647.0,3687.0,1738.0,0.65,4.834518423,6.222129784,19.50195567,174.89,Healthcare,JNJ,27.22789220444444
49,2021-06-30,158.7546110650794,7180953.968253968,5.66,27.77031802,31.54,25.01,8.14,52.53,1.28,42.58,1.04,106.72,1.62,23.57,8.94,-20.96,-73.16,40.93,65.83,15.12,24619.0,65834.0,22321.0,15258.0,7429.0,9401.0,6197.0,2.32,4.983512999,6.284686126,19.30958231,172.56,Healthcare,JNJ,24.01115095
50,2021-09-30,164.6020393359375,3770978.125,6.84,23.17690058,31.16,26.44,3.2,53.77,1.39,43.67,1.13,106.86,1.54,27.01,10.23,-16.48,-87.95,38.72,69.58,17.77,25306.0,69580.0,23312.0,15725.0,6662.0,8553.0,6278.0,2.35,5.087612323,5.995839637,49.540625,176.44,Healthcare,JNJ,23.874567096666667
51,2021-12-31,158.94293141406249,5110157.8125,5.67,27.57319224,33.39,26.69,11.59,59.89,1.34,49.5,1.11,108.96,1.55,26.59,10.17,-13.07,-92.84,44.56,70.27,17.88,31001.0,70272.0,23338.0,16088.0,3849.0,5696.0,3667.0,1.37,4.682240192,5.857624578,13.48921484,179.23,Healthcare,JNJ,28.806642503333332
52,2022-03-31,166.2983201532258,4264796.774193549,6.11,27.28314239,34.77,28.16,10.36,60.98,1.35,50.59,1.12,108.0,1.46,29.86,11.76,-7.62,-143.65,45.23,74.02,20.88,31608.0,74023.0,24804.0,16849.0,4836.0,6752.0,4736.0,1.77,4.794362957,5.919744318,16.09073359,182.02,Healthcare,JNJ,68.88091396888889
53,2022-06-30,175.20932857868854,6277600.0,7.39,23.52232747,35.14,28.41,9.01,60.42,1.39,49.43,1.14,103.65,1.39,27.49,11.08,-4.65,-189.68,43.39,74.71,19.83,30388.0,74709.0,23426.0,15828.0,5862.0,7663.0,5149.0,1.93,4.946784290999999,6.118620204,19.29300777,178.36,Healthcare,JNJ,-0.5830009466666672
54,2009-03-31,19.45338058,7036865.0,1.911798339,13.25846775,16.0444785,15.69,3.89072974,4.5,1.82,3.36,1.36,7.67,0.77,10.5366738,6.11803595,-0.988770543,-109.0546464,2.48,10.0,1.013515766,1268.21351,10587.2214,2691.146789,1287.871753,352.4848228,426.7742531,311.5532649,0.466268186,1.594193407,1.483272699,7.176817733,18.92980356,Healthcare,DHR,7.177199014624999
55,2009-06-30,21.26301265904762,5707601.888888889,1.911798339,13.25846775,16.0444785,15.69,3.89072974,4.5,1.82,3.36,1.36,7.67,0.77,10.5366738,6.11803595,-0.988770543,-109.0546464,2.48,10.0,1.013515766,1268.21351,10587.2214,2691.146789,1287.871753,352.4848228,426.7742531,311.5532649,0.466268186,1.594193407,1.483272699,7.176817733,18.92980356,Healthcare,DHR,7.177199014624999
56,2009-09-30,22.5526547734375,3576361.71875,1.921114982,12.92472367,16.13023878,16.58,3.880305521,4.79,1.91,3.72,1.48,7.72,0.73,10.54202374,6.120237704,-0.999201838,-111.3910791,2.51,10.6,1.040723606,1258.0,10603.0,2674.0,1262.0,344.0,430.0,296.0,0.44,1.573641782,1.475680005,7.32921229,19.09236077,Healthcare,DHR,7.1190626025000014
57,2009-12-31,25.5697442584375,5275195.84375,1.934589047,13.03706096,16.27901283,17.45,3.839129087,5.2,1.94,4.13,1.54,7.95,0.71,10.55652781,6.13190386,-1.007347876,-120.8709173,2.68,11.21,1.077797351,1636.0,11211.0,2751.0,1321.0,465.0,550.0,351.0,0.53,1.584583312,1.458310315,7.222418808,19.17374494,Healthcare,DHR,7.2007514998749995
58,2010-03-31,27.086780048196722,2443596.901639344,2.0,13.51,16.54,18.02,3.78,5.22,1.89,4.23,1.53,7.97,0.69,10.61,6.16,-0.84,-97.92,2.76,11.63,1.15,1722.0,11630.0,2465.0,1228.0,291.0,370.0,267.0,0.4,1.633615478,1.499445061,7.148148148,19.6,Healthcare,DHR,7.071211982124999
59,2010-06-30,29.048977836825394,12949804.206349207,2.0,14.365,16.97,18.26,3.65,4.54,1.59,3.35,1.17,8.03,0.68,10.72,6.31,-1.45,-106.4,2.86,11.85,1.21,806.0,11853.0,3008.0,1469.0,422.0,515.0,300.0,0.45,1.692987625,1.573384447,7.871232877,19.88,Healthcare,DHR,7.333415035500001
60,2010-09-30,27.62643843890625,4832378.6875,2.03,13.15763547,17.59,18.48,3.66,5.05,1.69,3.81,1.27,8.02,0.67,11.04,6.56,-1.08,-118.65,2.99,12.06,1.29,1233.0,12058.0,3217.0,1606.0,518.0,615.0,372.0,0.55,1.518476407,1.44534632,7.297814208,20.08,Healthcare,DHR,6.972681290875
61,2010-12-31,31.6146463459375,6007744.109375,2.35,12.43829787,17.33,20.14,3.86,5.46,1.77,4.22,1.37,8.33,0.63,13.02,7.82,-0.38,-169.16,3.08,13.17,1.59,1635.0,13172.0,3093.0,1612.0,553.0,649.0,646.0,0.95,1.686670514,1.451340616,7.57253886,21.5,Healthcare,DHR,8.131461175624999
62,2011-03-31,35.52432134032258,1191370.1290322582,2.64,12.86742424,18.39,20.98,2.77,6.07,1.83,4.9,1.48,8.44,0.61,14.09,8.57,0.07,-252.93,3.32,13.77,1.79,1633.0,13773.0,3232.0,1718.0,557.0,659.0,474.0,0.69,1.847199565,1.619161106,12.26353791,22.22,Healthcare,DHR,18.160657246125005
63,2011-06-30,38.234369307777776,2570748.0476190476,1.96,19.07653061,16.81,22.17,2.34,6.13,1.85,4.85,1.46,8.31,0.56,14.3,8.85,0.25,-678.8,3.32,14.72,1.92,1594.0,14724.0,3292.0,1749.0,585.0,689.0,429.0,0.63,2.224271267,1.686513306,15.97863248,23.04,Healthcare,DHR,13.818133985125
64,2011-09-30,33.53370297015625,4128839.109375,3.13,12.20127796,19.21,24.15,0.91,6.56,1.53,4.49,1.05,14.96,0.9,15.1,8.95,-4.4,-197.48,4.28,16.56,2.2,552.0,16556.0,3636.0,1918.0,610.0,729.0,649.0,0.94,1.988027069,1.58136646,41.96703297,31.51,Healthcare,DHR,11.307551287625
65,2011-12-31,33.63459329746032,5880498.0,3.32,9.108433735,20.75,24.13,1.01,6.32,1.53,4.34,1.05,14.06,0.85,13.47,7.73,-3.91,-103.94,4.12,16.56,2.08,484.0,16562.0,4446.0,2183.0,643.0,851.0,523.0,0.74,1.457349398,1.2532117699999998,29.94059406,30.62,Healthcare,DHR,9.203596208375
66,2012-03-31,37.93771226854839,2181626.0,3.17,10.70662461,22.95,24.68,1.26,6.27,1.5,4.49,1.08,12.98,0.77,13.4,7.55,-3.34,-76.22,4.17,16.97,2.17,537.0,16972.0,4717.0,2327.0,779.0,983.0,571.0,0.8,1.478867102,1.375202593,26.93650794,29.95,Healthcare,DHR,9.954576750125
67,2012-06-30,38.10240179380952,4804194.0,3.34,12.10179641,24.26,25.83,1.23,6.54,1.67,4.65,1.19,12.53,0.7,13.86,7.69,-2.54,-66.4,3.91,17.89,2.36,1043.0,17891.0,4316.0,2236.0,735.0,937.0,613.0,0.86,1.666117065,1.564847077,32.86178862,30.42,Healthcare,DHR,10.06215656775
68,2012-09-30,38.3528513831746,4726768.0,3.24,11.60802469,25.4,26.41,3.83,6.61,1.64,4.76,1.18,12.8,0.7,13.22,7.55,-2.74,-73.64,4.03,18.37,2.31,1118.0,18368.0,4554.0,2356.0,811.0,1019.0,600.0,0.84,1.480708661,1.424081787,9.819843342,31.17,Healthcare,DHR,10.944599655875
69,2012-12-31,39.00646068241936,5534560.564516129,3.27,12.18654434,25.33,27.36,4.22,6.91,1.76,5.03,1.28,12.63,0.67,12.93,7.58,-2.21,-86.16,3.94,18.95,2.33,1541.0,18953.0,4416.0,2278.0,756.0,966.0,549.0,0.77,1.57323332,1.456505848,9.443127962,31.59,Healthcare,DHR,12.893316887874999
70,2013-03-31,43.91916878983333,2205764.0,3.36,12.02678571,25.58,27.76,4.15,7.59,1.8,5.77,1.37,13.859999999999998,0.73,12.88,7.59,-2.72,-93.71,4.21,19.08,2.39,1679.0,19084.0,4975.0,2545.0,863.0,1083.0,630.0,0.89,1.579749805,1.455691643,9.737349398,32.94,Healthcare,DHR,12.003429725777778
71,2013-06-30,44.54200160515625,3358834.0,3.48,12.9137931,25.81,28.51,4.14,7.91,2.02,6.04,1.54,12.72,0.64,12.98,7.71,-1.76,-104.87,3.93,19.75,2.47,2151.0,19749.0,4445.0,2326.0,731.0,948.0,692.0,0.98,1.741185587,1.576289021,10.85507246,32.47,Healthcare,DHR,14.680947031777777
72,2013-09-30,48.8139376640625,5532725.296875,3.51,13.04558405,26.11,29.28,3.96,8.23,1.99,6.32,1.53,12.74,0.63,12.73,7.65,-1.37,-123.55,4.13,20.37,2.49,2325.0,20365.0,4738.0,2496.0,844.0,1063.0,617.0,0.87,1.753734201,1.56386612,11.56313131,33.11,Healthcare,DHR,15.22364472922222
73,2013-12-31,52.93161439875,3105255.953125,3.58,14.01117318,26.48,30.65,3.92,8.02,1.88,6.06,1.42,12.35,0.58,12.59,7.67,-1.0,-148.2,4.28,21.37,2.54,1996.0,21371.0,4669.0,2425.0,812.0,1038.0,597.0,0.84,1.894259819,1.636541599,12.79591837,33.72,Healthcare,DHR,13.990938475222224
74,2014-03-31,54.81566194639344,1303963.786885246,3.8,14.70789474,26.89,32.16,4.27,9.11,2.01,7.33,1.62,12.22,0.54,12.84,8.05,0.17,-272.36,4.53,22.45,2.7,3115.0,22451.0,5267.0,2712.0,888.0,1077.0,789.0,1.11,2.078467832,1.737873134,13.08899297,34.67,Healthcare,DHR,17.09298183122222
75,2014-06-30,55.39024419619047,2675754.412698413,3.63,14.97796143,27.13,32.92,4.07,9.4,2.19,7.53,1.75,12.01,0.52,11.85,7.57,0.67,-674.85,4.3,23.03,2.58,3347.0,23029.0,4663.0,2453.0,789.0,1014.0,580.0,0.81,2.004054552,1.651579587,13.35872236,35.04,Healthcare,DHR,18.582123174555555
76,2014-09-30,55.519165276875,3342574.859375,3.71,15.40161725,27.4,33.95,4.17,9.51,2.16,7.61,1.73,11.86,0.5,11.66,7.6,1.02,1234.58,4.41,23.79,2.64,3321.0,23789.0,4964.0,2620.0,889.0,1125.0,676.0,0.95,2.08540146,1.683063328,13.70263789,35.65,Healthcare,DHR,20.00234701666667
77,2014-12-31,58.64158791359375,3988206.515625,3.82,14.45549738,27.41,33.88,4.24,9.99,2.23,8.12,1.82,11.73,0.49,11.71,7.74,1.62,314.15,4.47,23.81,2.73,4025.0,23810.0,4707.0,2452.0,866.0,1071.0,681.0,0.95,2.014593214,1.62987013,13.02358491,35.54,Healthcare,DHR,24.95502443333333
78,2015-03-31,62.10521278967214,2397306.081967213,3.63,17.17906336,27.58,33.3,4.59,9.43,1.75,7.65,1.42,13.54,0.58,11.05,7.26,0.72,258.41,5.4,23.45,2.6,3006.0,23450.0,5417.0,2804.0,887.0,941.0,662.0,0.92,2.261058738,1.872672673,13.58605664,36.99,Healthcare,DHR,26.619890545555556
79,2015-06-30,62.09735167968254,2462915.9682539683,3.61,17.13850416,27.59,33.06,4.62,8.77,1.77,6.88,1.39,12.68,0.54,10.97,7.18,-0.68,387.0,4.95,23.39,2.59,2511.0,23391.0,4695.0,2468.0,755.0,991.0,570.0,0.79,2.242479159,1.871445856,13.39177489,36.07,Healthcare,DHR,25.44821354111111
80,2015-09-30,64.14553028359374,7889312.234375,3.63,17.20936639,27.55,35.37,4.77,9.66,1.91,7.74,1.53,12.82,0.53,11.01,7.17,0.14,581.39,5.06,24.17,2.61,3342.0,24172.0,4960.0,2644.0,934.0,1171.0,696.0,0.97,2.267513612,1.766186033,13.09643606,36.99,Healthcare,DHR,26.86753019555556
81,2015-12-31,68.08509188921875,6244737.984375,4.69,13.28144989,26.0,33.84,4.82,8.93,1.04,6.59,0.76,26.52,1.14,14.14,8.34,-13.64,-99.01,8.63,23.18,3.33,1834.0,23184.0,3512.0,1893.0,480.0,616.0,1403.0,2.01,2.395769231,1.84072104,12.92323651,49.71,Healthcare,DHR,22.871477384444447
82,2016-03-31,64.94114666295083,1695287.1147540985,4.76,14.28571429,20.24,34.6,4.73,7.84,1.27,6.26,1.02,24.46,1.03,14.21,7.86,-7.8,-61.14,6.17,23.76,3.36,791.0,23764.0,1267.0,766.0,-7.0,265.0,689.0,0.97,3.359683794,1.965317919,14.37632135,48.22,Healthcare,DHR,24.221788491111113
83,2016-06-30,71.394042610625,3217461.625,5.06,13.74901186,19.34,35.69,5.09,7.75,1.46,5.51,1.04,23.81,0.97,14.82,7.74,-12.17,-42.39,5.32,24.58,3.55,664.0,24577.0,3924.0,2167.0,613.0,881.0,758.0,1.09,3.597207859,1.949285514,13.66797642,48.39,Healthcare,DHR,22.489345044444445
84,2016-09-30,77.4514034984375,3964461.34375,5.03,14.74950298,18.51,36.38,5.39,11.23,1.4,8.99,1.12,26.38,1.05,14.51,7.09,-11.34,-31.21,8.03,25.12,3.51,4098.0,25120.0,4242.0,2381.0,710.0,988.0,657.0,0.94,4.008103728,2.039307312,13.76437848,51.5,Healthcare,DHR,23.61722938111111
85,2016-12-31,75.99781218333334,3287800.0,3.58,21.24860335,19.38,33.64,5.06,6.49,1.36,4.78,1.0,18.03,0.78,10.32,5.27,-8.62,-25.0,4.76,23.26,2.5,971.0,23264.0,4132.0,2286.0,699.0,976.0,392.0,0.56,3.925180599,2.261296076,15.03359684,41.3,Healthcare,DHR,24.464913686666666
86,2017-03-31,81.59894106467742,2018343.5483870967,3.66,20.67213115,24.14,33.34,4.2,6.67,0.97,4.96,0.72,22.22,0.96,10.64,5.48,-12.57,-22.85,6.87,23.08,2.55,964.0,23077.0,4584.0,2500.0,713.0,1019.0,747.0,1.06,3.134217067,2.269346131,18.01428571,45.3,Healthcare,DHR,21.500880257777776
87,2017-06-30,82.19141315317461,2255204.761904762,3.29,25.3100304,24.47,34.28,3.84,6.32,1.05,4.55,0.76,21.45,0.9,9.67,5.02,-12.04,-20.66,6.0,23.79,2.3,804.0,23791.0,4206.0,2334.0,617.0,923.0,506.0,0.72,3.402942378,2.429113186,21.68489583,45.25,Healthcare,DHR,24.10329047333333
88,2017-09-30,81.39209287142857,2404300.0,3.14,26.21019108,24.8,35.4,3.48,6.26,1.49,4.47,1.06,21.05,0.86,9.3,4.96,-11.68,-19.61,4.2,24.6,2.2,726.0,24595.0,4510.0,2482.0,677.0,980.0,557.0,0.79,3.318548387,2.324858757,23.64942529,45.65,Healthcare,DHR,25.692912138888893
89,2017-12-31,89.58042459619048,2324400.0,3.39,24.71681416,25.32,36.49,3.86,6.26,1.43,4.37,1.0,20.47,0.81,9.84,5.23,-11.1,-20.11,4.39,25.38,2.38,649.0,25381.0,4528.0,2537.0,759.0,1071.0,572.0,0.81,3.309241706,2.296245547,21.70725389,45.85,Healthcare,DHR,25.43279173777778
90,2018-03-31,96.51566639983606,1844800.0,3.53,25.7223796,21.99,37.85,4.16,6.85,1.43,5.01,1.05,20.28,0.77,9.95,5.44,-10.44,-22.03,4.79,26.37,2.49,630.0,26368.0,2275.0,1218.0,519.0,716.0,857.0,1.21,4.129149613,2.398943197,21.82692308,46.65,Healthcare,DHR,39.507209774888885
91,2018-06-30,98.46050763,2275800.0,3.61,26.57617729,22.65,38.94,4.57,7.08,1.59,5.13,1.15,19.94,0.73,9.86,5.51,-9.82,-23.73,4.44,27.2,2.55,1046.0,27202.0,4695.0,2644.0,743.0,1064.0,567.0,0.8,4.235761589,2.463790447,20.99343545,47.15,Healthcare,DHR,93.44112360188889
92,2018-09-30,100.80609833730159,2352000.0,3.77,25.68965517,23.28,38.91,4.55,6.91,1.5,4.93,1.07,20.83,0.77,10.06,5.69,-10.88,-25.29,4.61,27.22,2.67,904.0,27224.0,4981.0,2817.0,868.0,1202.0,674.0,0.95,4.160223368,2.489077358,21.28571429,48.06,Healthcare,DHR,20.61799328288889
93,2018-12-31,100.64810229412699,1961300.0,3.89,27.45758355,23.69,39.51,4.3,6.83,1.53,4.8,1.08,20.03,0.72,10.18,5.83,-10.16,-26.75,4.47,27.69,2.76,776.0,27685.0,4853.0,2691.0,831.0,1152.0,664.0,0.93,4.50865344,2.703366236,24.83953488,47.72,Healthcare,DHR,90.27433399600001
94,2019-03-31,113.81666052737705,2506900.0,3.73,27.21715818,24.02,40.24,4.85,7.09,1.47,5.46,1.13,19.61,0.7,9.61,5.56,-4.64,-29.89,4.84,28.23,2.65,788.0,28227.0,2520.0,1354.0,614.0,815.0,747.0,1.06,4.226477935,2.522862823,20.93195876,47.83,Healthcare,DHR,28.421193143333333
95,2019-06-30,131.6307787142857,3211100.0,3.39,38.38938053,23.27,44.1,4.66,10.08,2.18,8.05,1.74,20.21,0.64,8.41,4.94,-5.98,-30.48,4.63,31.57,2.41,3910.0,31569.0,4220.0,2355.0,720.0,1016.0,327.0,0.46,5.592608509,2.951020408,27.92703863,51.77,Healthcare,DHR,26.830040716666662
96,2019-09-30,139.3859205203125,3744806.25,3.41,41.36363636,22.36,44.91,4.82,11.6,2.32,9.55,1.91,21.11,0.66,8.18,4.88,-5.29,-37.56,5.01,32.21,2.45,5434.0,32213.0,4445.0,2484.0,812.0,1110.0,709.0,0.97,6.308139535,3.140725896,29.26348548,53.32,Healthcare,DHR,26.216498794444444
97,2019-12-31,140.8327710609375,1671768.75,3.37,42.34718101,21.53,46.22,4.84,20.35,3.43,18.33,3.09,28.34,0.85,7.77,4.53,-3.68,-49.68,5.93,33.2,2.43,14252.0,33196.0,4378.0,2441.0,776.0,1072.0,648.0,0.89,6.628425453,3.087624405,29.48553719,61.53,Healthcare,DHR,26.898440008888894
98,2020-03-31,150.36421757419353,2066908.064516129,4.05,37.48888889,24.69,43.54,4.59,25.6,5.19,23.97,4.86,31.8,1.05,9.24,5.14,-2.18,-68.71,4.93,30.28,2.94,19912.0,30282.0,4868.0,2704.0,961.0,1261.0,1256.0,1.73,6.14945322,3.487138264,33.07843137,62.08,Healthcare,DHR,30.36756863
99,2020-06-30,160.35053736666666,4730215.873015873,4.4,31.15909091,24.95,44.57,4.77,11.14,1.32,8.57,1.01,37.86,1.22,10.06,5.19,-21.17,-39.48,8.47,31.07,3.19,4368.0,31066.0,4343.0,2443.0,698.0,995.0,576.0,0.81,5.49498998,3.07606013,28.74213836,68.93,Healthcare,DHR,31.277149351444436
100,2020-09-30,198.9247777421875,2273479.6875,4.67,37.54389722,26.22,51.15,5.15,12.34,2.2,9.75,1.74,35.0,0.97,10.31,5.11,-17.4,-30.36,5.6,36.27,3.37,5539.0,36273.0,5297.0,2852.0,844.0,1519.0,892.0,1.24,6.686880244,3.427761486,34.04466019,71.27,Healthcare,DHR,-33.747826423333336
101,2020-12-31,224.44396781875,1719460.9375,4.94,43.25708502,28.34,53.46,6.15,12.54,2.08,10.12,1.68,34.92,0.92,10.52,5.18,-17.15,-24.63,6.04,37.97,3.57,5688.0,37973.0,5884.0,3226.0,1088.0,1800.0,842.0,1.16,7.540225829,3.997194164,34.74634146,72.89,Healthcare,DHR,-28.699564292222224
102,2021-03-31,227.5418696147541,1444109.8360655739,4.87,45.30390144,31.04,55.95,7.54,13.8,1.87,11.51,1.56,36.38,0.92,9.68,4.85,-16.93,-19.33,7.4,39.78,3.51,6035.0,39777.0,6760.0,3954.0,1601.0,2149.0,1200.0,1.68,7.107925258,3.94334227,29.26127321,76.16,Healthcare,DHR,27.22789220444444
103,2021-06-30,248.65113418253966,2467379.365079365,6.35,35.23937008,34.23,56.7,8.79,14.01,2.05,11.59,1.7,35.0,0.87,11.9,6.21,-14.84,-27.71,6.82,40.43,4.6,6330.0,40430.0,6858.0,4253.0,1997.0,2528.0,1661.0,2.29,6.537248028,3.946560847,25.45733788,75.43,Healthcare,DHR,24.01115095
104,2021-09-30,305.5139088609375,2990632.8125,7.51,35.55259654,36.67,59.91,9.47,15.39,2.26,12.85,1.88,35.26,0.83,13.54,7.2,-13.34,-35.0,6.83,42.77,5.45,7322.0,42766.0,7218.0,4397.0,2005.0,2530.0,1744.0,2.4,7.281156259,4.456685028,28.19429778,78.03,Healthcare,DHR,23.874567096666667
105,2021-12-31,309.3109827078125,2039879.6875,7.89,38.41698352,38.49,60.83,9.79,10.78,1.49,8.04,1.11,39.04,0.9,13.75,7.33,-21.15,-34.54,7.26,43.46,5.72,2552.0,43461.0,7229.0,4359.0,1309.0,1880.0,1117.0,1.54,7.875032476,4.982903173,30.96118488,82.5,Healthcare,DHR,28.806642503333332
106,2022-03-31,281.39548911290325,1173970.9677419355,8.62,38.02552204,40.14,63.18,9.61,11.65,1.43,8.88,1.09,38.01,0.84,14.59,7.86,-18.85,-36.78,8.14,45.18,6.27,2586.0,45177.0,8148.0,4943.0,2154.0,2754.0,1747.0,2.38,8.165919283,5.188034188,34.1082206,83.18,Healthcare,DHR,68.88091396888889
107,2022-06-30,259.1658863,2617900.0,8.64,33.85300926,41.23,64.75,9.72,12.67,1.68,9.6,1.27,37.03,0.8,14.16,7.69,-16.45,-36.06,7.55,46.36,6.29,3717.0,46362.0,7688.0,4705.0,2172.0,2737.0,1684.0,2.31,7.094106233,4.517220076999999,30.09156379,83.39,Healthcare,DHR,-0.5830009466666672
108,2013-03-31,24.85006443616667,9420255.0,2.546326971,14.50639226,11.37878449,1.845383718,3.8605251840000006,15.35,2.27,14.26,2.11,23.65,7.03,49.54,24.42,-5.09,257.66,6.78,3.36,5.28,7976.0,3363.0,5206.0,3941.0,1821.0,2130.0,1540.0,0.98,3.161312946,12.68759533,10.72013551,27.01,Healthcare,ABBV,12.003429725777778
109,2013-06-30,29.63311705,7263400.0,2.545410408,14.53098117,11.43695745,1.87,3.832517333,14.92,2.21,13.89,2.05,24.21,8.19,64.01,22.66,-5.26,-10258.37,6.77,2.96,5.36,7479.0,2957.0,4329.0,3176.0,1305.0,1532.0,968.0,0.6,3.161288731,12.56645495,10.74717024,27.17,Healthcare,ABBV,14.680947031777777
110,2013-09-30,30.31450623265625,10688478.125,2.544990232,14.59300053,11.50657042,2.24,3.784147001,15.66,2.3,14.58,2.14,24.35,6.84,80.81,19.7,-4.66,-262.55,6.81,3.56,5.16,8754.0,3558.0,4692.0,3638.0,1453.0,1689.0,1068.0,0.66,3.197230531,12.58726432,10.59787684,27.91,Healthcare,ABBV,15.22364472922222
111,2013-12-31,33.915766954375,6559198.4375,2.543723334,14.54764665,11.59622241,2.25,3.733562945,16.54,2.41,15.37,2.24,24.68,6.9,134.97,16.46,-4.62,-92.54,6.88,3.58,4.54,9596.0,3577.0,4658.0,3566.0,1371.0,1605.0,964.0,0.6,3.122178769,12.89103363,10.24841876,28.25,Healthcare,ABBV,13.990938475222224
112,2014-03-31,35.1518185104918,2920267.2131147543,2.56,14.23046875,11.7,2.83,3.6,17.85,2.6,16.7,2.43,24.71,5.5,113.22,14.67,-3.68,-90.68,6.88,4.49,4.13,9895.0,4492.0,5111.0,3829.0,1535.0,1735.0,1128.0,0.7,3.113675214,12.87279152,10.11944444,29.2,Healthcare,ABBV,17.09298183122222
113,2014-06-30,36.80817982492063,4260403.174603174,2.57,13.90661479,11.84,2.95,3.22,17.33,2.79,16.23,2.61,23.96,5.1,101.45,14.52,-3.38,-101.41,6.22,4.7,4.14,9100.0,4697.0,4563.0,3463.0,1351.0,1550.0,980.0,0.61,3.018581081,12.11525424,11.09937888,28.66,Healthcare,ABBV,18.582123174555555
114,2014-09-30,39.25847208484375,7493137.5,2.59,15.28957529,11.99,3.28,3.01,17.79,2.82,16.75,2.65,23.83,4.57,92.75,14.49,-2.72,-115.94,6.32,5.22,4.17,10246.0,5218.0,4926.0,3813.0,1515.0,1717.0,1098.0,0.68,3.302752294,12.07317073,13.15614618,29.05,Healthcare,ABBV,20.00234701666667
115,2014-12-31,44.91739034671875,7608031.25,2.3,17.75652174,12.2,2.92,2.96,17.56,2.65,16.55,2.49,23.81,5.13,77.93,12.87,-2.9,-117.2,6.64,4.65,3.71,10323.0,4645.0,5019.0,3925.0,960.0,1152.0,506.0,0.31,3.347540984,13.98630137,13.7972973,28.45,Healthcare,ABBV,24.95502443333333
116,2015-03-31,43.35725040114754,5572293.442622951,1.31,35.58778626,13.23,1.09,3.8,16.08,1.41,14.96,1.31,25.77,14.79,43.53,6.24,-5.63,-48.51,11.39,1.74,1.77,8374.0,1742.0,5452.0,4333.0,-415.0,-222.0,-810.0,-0.5,3.523809524,42.7706422,12.26842105,27.51,Healthcare,ABBV,26.619890545555556
117,2015-06-30,47.247255233809526,5881507.936507937,1.26,33.35714286,13.3,0.86,3.72,15.41,1.39,14.39,1.3,25.32,18.39,55.95,6.5,-5.64,-43.02,11.05,1.38,1.82,7924.0,1377.0,5040.0,4098.0,1687.0,1845.0,1022.0,0.63,3.160150376,48.87209302,11.2983871,26.7,Healthcare,ABBV,25.44821354111111
118,2015-09-30,47.45810175,12069475.0,1.78,27.3258427,13.54,3.33,3.76,16.88,1.5,15.25,1.36,48.35,8.79,62.83,6.11,-27.64,-19.94,11.26,5.5,2.08,8279.0,5504.0,5475.0,4559.0,1852.0,2042.0,1366.0,0.83,3.592319055,14.60660661,12.93617021,53.86,Healthcare,ABBV,26.86753019555556
119,2015-12-31,42.36908584796875,12723698.4375,1.69,23.47928994,13.45,2.97,3.71,17.91,2.03,16.07,1.82,49.97,10.28,83.55,6.92,-28.2,-16.79,8.81,4.86,2.82,9249.0,4863.0,5944.0,4777.0,1885.0,2112.0,1239.0,0.74,2.950185874,13.36026936,10.69541779,54.83,Healthcare,ABBV,22.871477384444447
120,2016-03-31,41.426932975901636,5194562.2950819675,3.12,13.9775641,13.97,2.45,4.28,16.31,1.5,14.6,1.34,49.11,12.45,131.15,10.92,-28.93,-22.76,10.89,3.95,5.14,8407.0,3945.0,6400.0,4925.0,2113.0,2374.0,1517.0,0.93,3.121689334,17.8,10.18925234,53.05,Healthcare,ABBV,24.221788491111113
121,2016-06-30,45.72713285671875,3738701.5625,2.43,17.49794239,12.68,2.87,3.51,16.62,1.56,14.83,1.39,49.08,10.57,115.56,10.17,-28.14,-19.4,10.66,4.64,5.48,8600.0,4643.0,5958.0,4589.0,2278.0,2546.0,1354.0,0.83,3.353312303,14.81533101,12.11396011,53.72,Healthcare,ABBV,22.489345044444445
122,2016-09-30,49.01852685171875,9263050.0,3.47,13.4092219,14.79,3.46,1.43,16.79,1.81,15.04,1.62,61.57,10.92,119.85,10.0,-39.32,-18.36,9.27,5.64,5.72,8002.0,5640.0,6452.0,5047.0,2387.0,2676.0,1610.0,0.98,3.146044625,13.44797688,32.53846154,67.21,Healthcare,ABBV,23.61722938111111
123,2016-12-31,46.640057397142854,6431200.0,3.61,13.2465374,15.36,3.98,1.2,16.29,1.79,14.66,1.61,60.16,9.3,117.49,10.11,-38.3,-18.05,9.1,6.47,6.08,7950.0,6469.0,6432.0,4928.0,2361.0,2665.0,1598.0,0.97,3.11328125,12.01507538,39.85,66.63,Healthcare,ABBV,24.464913686666666
124,2017-03-31,48.52645246403226,5962916.129032258,3.72,12.88172043,15.95,2.91,0.91,16.19,1.66,14.74,1.51,61.46,13.26,111.33,9.39,-39.68,-16.37,9.78,4.64,5.95,6423.0,4636.0,6796.0,5242.0,2314.0,2642.0,1391.0,0.85,3.004388715,16.46735395,52.65934066,66.1,Healthcare,ABBV,21.500880257777776
125,2017-06-30,52.41013826619048,3760633.3333333335,3.86,13.05181347,16.12,3.14,1.0,15.55,1.76,14.12,1.6,60.67,12.14,116.08,9.5,-39.12,-16.14,8.84,5.0,6.31,6248.0,4998.0,6538.0,4922.0,2407.0,2781.0,1711.0,1.06,3.125310174,16.04458599,50.38,65.66,Healthcare,ABBV,24.10329047333333
126,2017-09-30,59.884404016031745,4444700.0,4.07,13.91154791,16.51,3.77,4.13,16.96,1.38,15.38,1.26,60.99,10.15,119.66,9.97,-38.01,-17.06,12.26,6.01,6.62,7205.0,6009.0,6944.0,5415.0,2662.0,3041.0,1915.0,1.19,3.429436705,15.01856764,13.7094431,66.99,Healthcare,ABBV,25.692912138888893
127,2017-12-31,74.65480743873016,6769400.0,4.11,17.03406326,16.95,4.19,5.28,18.93,1.45,17.15,1.32,62.15,9.3,119.09,9.94,-37.23,-17.26,13.03,6.69,6.65,9554.0,6687.0,6995.0,5379.0,2694.0,3073.0,1631.0,1.01,4.130383481,16.70883055,13.2594697,68.84,Healthcare,ABBV,25.43279173777778
128,2018-03-31,87.6504522857377,3214400.0,3.29,23.322188449999995,17.61,3.2,5.88,21.22,1.28,19.62,1.18,65.69,12.89,93.18,7.8,-38.25,-13.92,16.64,5.1,5.31,9789.0,5097.0,7739.0,5458.0,1782.0,2151.0,52.0,0.04,4.357183419,23.978125,13.04931973,70.79,Healthcare,ABBV,39.507209774888885
129,2018-06-30,78.69531405,7399400.0,3.97,19.05037783,18.5,2.24,6.21,20.44,1.2,18.71,1.1,65.79,18.52,119.57,9.25,-39.56,-16.68,17.06,3.55,6.38,9474.0,3553.0,7934.0,6007.0,2903.0,3348.0,2783.0,1.74,4.088108108,33.76339286,12.17874396,69.34,Healthcare,ABBV,93.44112360188889
130,2018-09-30,77.19998568603175,6787900.0,4.04,18.51732673,19.43,-2.23,6.81,13.85,0.8,12.27,0.71,65.02,-19.26,215.65,9.53,-45.97,-16.02,17.22,-3.38,6.45,3743.0,-3375.0,8278.0,6344.0,2762.0,3205.0,1983.0,1.26,3.850231601,-33.5470852,10.98531571,61.64,Healthcare,ABBV,20.61799328288889
131,2018-12-31,72.32062360968253,4551865.079365079,4.84,15.93595041,20.5,-1.94,7.78,18.47,1.2,16.68,1.08,69.09,-23.65,1285.47,11.29,-45.26,-17.9,15.39,-2.92,7.57,8785.0,-2921.0,8236.0,6401.0,3159.0,3594.0,2747.0,1.81,3.762439024,-39.75773196,9.913881748,66.16,Healthcare,ABBV,90.27433399600001
132,2019-03-31,68.09634449459016,6037700.0,3.58,21.22346369,21.05,-5.69,8.27,16.95,0.98,15.34,0.89,67.8,-8.03,-203.31,8.87,-45.34,-12.92,17.24,-8.45,5.69,8061.0,-8446.0,8305.0,6283.0,-2441.0,-1999.0,-1826.0,-1.15,3.609501188,-13.35325132,9.187424426,59.35,Healthcare,ABBV,28.421193143333333
133,2019-06-30,66.2766461447619,7105900.0,3.49,19.2722063,21.35,-5.29,8.65,14.41,1.04,12.71,0.91,64.6,-8.25,-95.0,8.79,-44.28,-11.85,13.9,-7.83,5.36,5228.0,-7826.0,7828.0,6134.0,3010.0,3513.0,2456.0,1.65,3.150351288,-12.71455577,7.775722543,56.77,Healthcare,ABBV,26.830040716666662
134,2019-09-30,58.69079870078125,21167371.875,2.72,22.60661765,21.65,-5.79,8.46,15.1,0.89,13.21,0.78,65.71,-7.67,-59.34,6.88,-44.67,-9.17,16.94,-8.57,4.12,5416.0,-8566.0,8255.0,6436.0,3400.0,3902.0,741.0,0.49,2.840184758,-10.62003454,7.268321513,57.14,Healthcare,ABBV,26.216498794444444
135,2019-12-31,72.13319033359375,7666948.4375,2.17,29.95391705,21.93,-5.56,8.5,20.17,1.15,18.24,1.04,67.67,-8.23,-39.38,5.6,-42.8,-7.35,17.49,-8.23,3.26,10648.0,-8226.0,8479.0,6559.0,2617.0,3120.0,1884.0,1.26,2.963976288,-11.69064748,7.647058824,59.44,Healthcare,ABBV,26.898440008888894
136,2020-03-31,74.99297726564517,7073780.645161291,5.28,14.60416667,22.42,-5.53,8.61,49.52,3.18,47.71,3.06,97.29,-11.91,-96.15,12.01,-42.43,-18.1,15.59,-8.17,7.88,39924.0,-8172.0,8704.0,6698.0,3956.0,4465.0,2801.0,1.88,3.439339875,-13.94394213,8.955865273000002,89.12,Healthcare,ABBV,30.36756863
137,2020-06-30,78.68904101746031,10608184.126984127,5.65,11.90088496,22.95,-5.02,9.13,51.76,3.14,49.91,3.03,98.61,-13.3,-104.22,11.37,-41.18,-19.73,16.47,-7.42,8.44,41142.0,-7415.0,8619.0,6677.0,3603.0,4162.0,3010.0,2.02,2.929847495,-13.39442231,7.364731654,91.2,Healthcare,ABBV,31.277149351444436
138,2020-09-30,85.172323226875,6658157.8125,4.7,18.70212766,23.72,8.35,9.07,21.26,0.86,17.2,0.7,134.8,9.15,-306.44,7.15,-104.4,-12.06,24.65,14.73,6.96,6040.0,14732.0,10425.0,6714.0,752.0,2307.0,-738.0,-0.46,3.705733558,10.52694611,9.691289967,149.53,Healthcare,ABBV,-33.747826423333336
139,2020-12-31,88.1090253596875,5506079.6875,4.73,16.77589852,25.28,8.66,8.98,23.01,0.95,19.54,0.81,134.33,8.79,204.54,6.16,-102.16,-10.18,24.18,15.29,7.38,7950.0,15289.0,12902.0,7852.0,3255.0,5547.0,2308.0,1.29,3.138844937,9.162817552,8.836302895,149.62,Healthcare,ABBV,-28.699564292222224
140,2021-03-31,99.23655337573771,5328821.31147541,2.86,34.40559441,27.69,7.42,10.04,24.17,0.84,20.86,0.73,137.47,10.5,51.72,3.41,-102.9,-5.27,28.66,13.1,4.62,8479.0,13097.0,13858.0,9174.0,3753.0,5818.0,36.0,-0.13,3.553629469,13.26145553,9.800796813,150.57,Healthcare,ABBV,27.22789220444444
141,2021-06-30,105.7677806115873,5361100.0,2.83,35.52650177,29.22,7.78,10.19,26.57,0.83,23.3,0.73,136.77,9.96,36.3,3.44,-99.91,-5.04,31.95,13.73,5.16,9777.0,13733.0,13010.0,8797.0,4103.0,6318.0,3553.0,1.99,3.440793977,12.92287918,9.866535819,150.5,Healthcare,ABBV,24.01115095
142,2021-09-30,108.51061308593749,5802521.875,3.71,28.55525606,30.75,7.13,11.31,26.0,0.91,22.61,0.79,135.38,10.75,48.71,4.45,-99.14,-6.6,28.68,12.59,6.66,8600.0,12594.0,13959.0,9436.0,4441.0,6641.0,766.0,0.42,3.445203252,14.85834502,9.366931919,147.97,Healthcare,ABBV,23.874567096666667
143,2021-12-31,113.5180120515625,6271415.625,4.2,24.42142857,31.54,7.68,12.77,28.96,1.02,25.86,0.91,135.28,9.96,56.86,5.04,-96.18,-7.57,28.53,13.58,7.53,12249.0,13577.0,14342.0,9952.0,4306.0,6433.0,3179.0,1.78,3.252060875,13.35546875,8.0321065,148.86,Healthcare,ABBV,28.806642503333332
144,2022-03-31,141.08926022258063,6334904.838709678,6.45,20.2,31.64,8.73,12.37,27.93,0.79,24.8,0.71,131.09,8.49,83.43,7.77,-92.89,-11.9,35.19,15.44,11.54,9830.0,15436.0,14886.0,10566.0,5074.0,7053.0,4044.0,2.26,4.117888748,14.92439863,10.5327405,146.53,Healthcare,ABBV,68.88091396888889
145,2022-06-30,149.67594559508197,5151800.0,6.97,22.6169297,31.92,9.23,12.4,26.51,0.82,23.03,0.71,126.9,7.78,86.18,8.51,-89.97,-13.2,32.52,16.31,12.48,7572.0,16314.0,13538.0,9486.0,4717.0,6770.0,4490.0,2.51,4.938596491,17.079089920000005,12.71290323,143.21,Healthcare,ABBV,-0.5830009466666672
146,2009-03-31,15.74615192,22948370.0,5.61634427,5.452910348,12.66063391,10.43,0.380994968,26.19,1.95,24.06,1.79,24.54,1.12,44.28836525,23.24623006,1.815640194,115.0137308,13.42,22.0,12.88627465,16140.79961,26034.08801,6192.36792,4903.1621,1261.048247,2233.021025,2997.119935,1.273263867,1.753176016,1.167156528,25.87578751,113.3882527,Healthcare,MRK,7.177199014624999
147,2009-06-30,15.174101042063493,21647306.714285713,5.61634427,5.452910348,12.66063391,10.43,0.380994968,26.19,1.95,24.06,1.79,24.54,1.12,44.28836525,23.24623006,1.815640194,115.0137308,13.42,22.0,12.88627465,16140.79961,26034.08801,6192.36792,4903.1621,1261.048247,2233.021025,2997.119935,1.273263867,1.753176016,1.167156528,25.87578751,113.3882527,Healthcare,MRK,7.177199014624999
148,2009-09-30,18.23781219140625,22920619.296875,5.554981876,5.421458096,12.87595661,10.78,0.36676032,29.23,2.54,27.08,2.35,26.67,1.17,44.0249711,22.7990152,1.826101943,115.8623101,11.51,22.74,12.93636312,16932.0,22737.0,5900.0,4546.0,1421.0,1911.0,1556.0,0.74,1.753227406,1.164033091,23.90634847,113.0960506,Healthcare,MRK,7.1190626025000014
149,2009-12-31,20.947308629375,14690969.0,5.465204623,5.106775557,13.219629,12.02,0.601376689,29.67,3.7,27.57,3.44,23.39,0.92,41.87247786,21.62186304,1.801996932,163.5626206,8.03,25.35,12.89454536,22256.0,25349.0,6050.0,4619.0,1640.0,2034.0,3424.0,1.61,1.702554229,1.163968288,22.81100283,113.549761,Healthcare,MRK,7.2007514998749995
150,2010-03-31,23.127361297049184,9847370.704918033,5.11,4.577299413,13.43,19.78,0.74,28.43,1.82,20.38,1.3,50.83,0.83,39.07,20.0,1.69,78.24,15.64,61.49,12.85,9604.0,61485.0,10093.0,5192.0,-234.0,1015.0,6447.0,2.63,1.741623232,1.182507583,31.60810811,112.31,Healthcare,MRK,7.071211982124999
151,2010-06-30,21.487536233492065,10612628.761904761,4.47,5.402684564,14.27,19.36,0.88,28.25,1.72,21.42,1.3,51.25,0.85,27.6,14.56,2.5,97.18,16.46,60.34,11.73,9777.0,60343.0,11422.0,6206.0,933.0,2620.0,299.0,0.09,1.692361598,1.247417355,27.44318182,111.59,Healthcare,MRK,7.333415035500001
152,2010-09-30,22.24567457984375,23742559.9375,3.1,7.374193548,15.04,18.71,2.13,26.25,1.7,20.01,1.3,48.51,0.84,21.33,11.53,2.16,147.07,15.42,57.67,10.92,9943.0,57666.0,11346.0,6797.0,1443.0,3391.0,752.0,0.24,1.519946809,1.221806521,10.73239437,106.17,Healthcare,MRK,6.972681290875
153,2010-12-31,22.76309311453125,9833831.4375,2.81,8.65480427,15.29,18.85,2.19,27.76,1.6,21.49,1.24,49.79,0.86,13.2,7.16,2.61,349.84,17.32,58.05,7.84,10625.0,58048.0,11125.0,6934.0,1420.0,3300.0,342.0,0.11,1.59058208,1.290185676,11.10502283,107.84,Healthcare,MRK,8.131461175624999
154,2011-03-31,21.34771036403226,5564285.403225807,0.28,85.92857143,14.73,18.43,2.93,29.06,1.86,23.2,1.48,48.98,0.86,1.48,0.8,4.97,28.06,15.64,56.81,0.86,12201.0,56805.0,12094.0,7654.0,-441.0,1425.0,-534.0,-0.16,1.633401222,1.305480195,8.211604096,105.78,Healthcare,MRK,18.160657246125005
155,2011-06-30,22.89248299968254,18003148.04761905,0.52,42.86538462,14.82,18.42,3.06,31.02,1.98,24.97,1.59,49.03,0.86,2.8,1.51,6.73,38.93,15.66,56.84,1.6,13029.0,56839.0,11580.0,7521.0,2199.0,4030.0,1043.0,0.34,1.504048583,1.21009772,7.284313725,105.87,Healthcare,MRK,13.818133985125
156,2011-09-30,21.6360819346875,13527241.953125,0.93,25.90322581,15.1,18.79,2.9,32.37,2.05,26.14,1.66,48.27,0.83,5.0,2.7,8.48,50.4,15.76,57.92,2.87,13981.0,57922.0,12151.0,7867.0,2406.0,4238.0,2020.0,0.65,1.595364238,1.282064928,8.306896552,106.2,Healthcare,MRK,11.307551287625
157,2011-12-31,22.830244154761903,20233526.0,1.37,16.48905109,15.4,18.87,3.51,34.11,2.06,27.87,1.68,48.94,0.85,7.36,3.98,9.55,56.77,16.59,57.6,4.22,15576.0,57596.0,12022.0,7670.0,2376.0,4279.0,1689.0,0.55,1.466883117,1.197138315,6.435897436,106.53,Healthcare,MRK,9.203596208375
158,2012-03-31,25.604520551935483,8237175.0,2.03,12.98029557,15.5,18.73,3.45,33.18,2.04,26.93,1.66,48.19,0.85,10.91,5.91,10.49,71.04,16.25,56.94,6.26,14972.0,56943.0,12294.0,8118.0,1995.0,3856.0,1505.0,0.48,1.7,1.406833956,7.637681159,105.13,Healthcare,MRK,9.954576750125
159,2012-06-30,26.052460473492065,14794302.0,2.25,12.06222222,15.59,18.84,3.59,34.34,2.07,28.01,1.69,48.2,0.84,12.1,6.57,12.16,68.36,16.58,57.31,6.95,15566.0,57314.0,11731.0,7694.0,2758.0,4548.0,1736.0,0.56,1.740859525,1.440552017,7.559888579,105.51,Healthcare,MRK,10.06215656775
160,2012-09-30,29.82597136031746,24811924.0,2.18,13.68348624,15.69,18.98,3.6,35.64,2.11,29.39,1.74,47.85,0.83,11.71,6.36,13.9,58.34,16.91,57.67,6.72,17450.0,57673.0,12311.0,8199.0,2785.0,4589.0,1792.0,0.58,1.901210962,1.571654373,8.286111111,105.53,Healthcare,MRK,10.944599655875
161,2012-12-31,30.74888540064516,13077259.693548387,2.19,14.84931507,15.53,19.12,3.13,36.23,2.33,29.5,1.89,48.09,0.83,11.75,6.4,15.72,51.76,15.58,58.21,6.76,18117.0,58212.0,11488.0,7351.0,2370.0,4093.0,1729.0,0.56,2.09401159,1.70083682,10.38977636,106.3,Healthcare,MRK,12.893316887874999
162,2013-03-31,29.820638148166665,11862731.0,2.1600000000000006,13.80092593,15.37,18.33,2.62,34.86,1.9,28.32,1.54,50.67,0.91,10.78,5.820000000000001,14.25,44.02,18.35,55.46,6.17,16141.0,55463.0,11737.0,7577.0,1964.0,3625.0,908.0,0.3,1.939492518,1.62629569,11.377862599999998,106.12999999999998,Healthcare,MRK,12.003429725777778
163,2013-06-30,32.89221429828125,17440502.0,2.12,15.33018868,15.05,18.43,2.68,35.24,1.87,28.47,1.51,50.59,0.91,10.61,5.68,15.29,40.72,18.8,55.61,6.02,16022.0,55606.0,10671.0,6712.0,1818.0,3492.0,1593.0,0.52,2.159468439,1.763429192,12.12686567,106.2,Healthcare,MRK,14.680947031777777
164,2013-09-30,33.93605935609375,17028651.9375,1.84,18.72826087,14.7,17.12,2.52,37.0,2.01,30.23,1.64,56.77,1.13,9.36,4.83,11.57,36.15,18.4,50.11,5.14,18098.0,50105.0,11010.0,6726.0,1485.0,3140.0,906.0,0.3,2.344217687,2.012850467,13.67460317,106.88,Healthcare,MRK,15.22364472922222
165,2013-12-31,34.283619701875,10946208.953125,1.66,21.46385542,14.7,17.09,2.87,37.77,2.07,31.02,1.7,56.41,1.13,8.58,4.26,12.88,33.57,18.22,50.01,4.53,18169.0,50006.0,11032.0,6928.0,2465.0,4170.0,1124.0,0.38,2.423809524,2.084844939,12.41463415,106.42,Healthcare,MRK,13.990938475222224
166,2014-03-31,39.182240782622955,6670679.573770491,1.46,25.89041096,14.66,17.87,3.37,35.69,2.0,29.46,1.65,53.32,1.02,8.47,4.14,16.22,31.47,17.87,52.33,4.4,17486.0,52326.0,11320.0,6713.0,1897.0,3851.0,781.0,0.27,2.578444748,2.115277001,11.216617209999999,105.65,Healthcare,MRK,17.09298183122222
167,2014-06-30,41.59655010936508,9528886.38095238,1.51,28.62251656,14.62,17.94,3.45,41.24,1.84,34.86,1.55,55.9,1.06,8.81,4.23,19.93,29.8,22.47,52.56,4.52,20513.0,52564.0,10264.0,6361.0,2053.0,3807.0,1705.0,0.57,2.95622435,2.409141583,12.52753623,108.46,Healthcare,MRK,18.582123174555555
168,2014-09-30,43.14021879390625,17975137.5625,1.89,23.47619048,14.67,16.73,3.49,33.59,1.87,27.45,1.53,49.34,1.02,11.04,5.37,17.9,33.55,17.93,48.52,5.61,13395.0,48516.0,10934.0,6041.0,1404.0,3157.0,2004.0,0.68,3.024539877,2.652121937,12.71346705,97.86,Healthcare,MRK,20.00234701666667
169,2014-12-31,43.11760586484375,9080664.9375,1.82,25.16483516,14.57,15.86,3.65,34.72,1.34,28.9,1.12,56.45,1.24,10.84,5.21,11.79,32.71,25.93,45.36,5.39,14347.0,45360.0,10557.0,6334.0,1700.0,3311.0,895.0,0.31,3.143445436,2.88776797,12.54794521,101.81,Healthcare,MRK,24.95502443333333
170,2015-03-31,44.15823376737705,5536824.131147541,4.1,10.78292683,14.37,17.19,2.28,32.61,1.77,27.03,1.47,49.38,1.01,24.42,11.74,15.41,73.32,18.4,48.79,11.92,15719.0,48791.0,10482.0,6733.0,1526.0,3099.0,7316.0,2.51,3.076548365,2.571844095,19.39035088,98.17,Healthcare,MRK,26.619890545555556
171,2015-06-30,44.0859560884127,8605563.841269841,3.86,11.68393782,14.2,16.94,2.28,32.93,1.61,27.39,1.34,60.43,1.26,23.44,11.0,4.1,90.79,20.44,47.92,11.17,15601.0,47917.0,9425.0,5856.0,1518.0,3155.0,953.0,0.33,3.176056338,2.662337662,19.78070175,108.35,Healthcare,MRK,25.44821354111111
172,2015-09-30,42.07792198671875,10114485.828125,3.42,13.16081871,13.93,16.52,2.45,28.32,1.62,23.01,1.31,55.94,1.2,20.88,9.59,4.18,111.04,17.51,46.64,9.85,11370.0,46638.0,9785.0,6031.0,1737.0,3345.0,687.0,0.24,3.231155779,2.724576271,18.37142857,102.58,Healthcare,MRK,26.86753019555556
173,2015-12-31,40.2859075071875,13298841.421875,3.75,10.504,13.85,16.3,2.11,28.57,1.63,23.44,1.33,55.55,1.22,22.82,10.51,4.19,154.66,17.58,45.68,10.78,12089.0,45679.0,10073.0,6312.0,2340.0,3910.0,1826.0,0.64,2.844043321,2.416564417,18.66824645,101.23,Healthcare,MRK,22.871477384444447
174,2016-03-31,39.479398820983604,5841687.327868853,1.56,27.24358974,13.87,16.1,3.96,29.75,1.55,25.05,1.31,56.91,1.27,9.6,4.29,4.44,105.05,19.2,44.77,4.44,13427.0,44767.0,10215.0,6365.0,1952.0,3512.0,976.0,0.35,3.064167267,2.639751553,10.732323230000002,101.68,Healthcare,MRK,24.221788491111113
175,2016-06-30,43.26474815640625,6767124.109375,3.42,12.55555556,11.54,15.85,0.79,28.77,1.64,23.67,1.35,54.85,1.25,10.2,4.57,4.75,105.04,17.57,43.9,4.61,12943.0,43901.0,9312.0,5740.0,1763.0,3324.0,1125.0,0.4,3.720970537,2.709148265,54.35443038,98.76,Healthcare,MRK,22.489345044444445
176,2016-09-30,47.9179806109375,10303139.78125,1.66,28.39156627,14.11,15.71,0.39,27.93,1.87,22.68,1.52,53.03,1.22,11.55,5.16,5.32,109.71,14.92,43.45,5.13,11834.0,43446.0,9844.0,6266.0,1657.0,3207.0,1205.0,0.43,3.340184266,3.0,120.8461538,96.48,Healthcare,MRK,23.61722938111111
177,2016-12-31,48.30390264126984,11454640.0,2.2,23.38181818,14.46,15.92,0.46,29.44,1.89,24.2,1.56,54.38,1.24,12.47,5.56,5.19,111.43,15.56,43.96,5.49,13067.0,43957.0,10536.0,7127.0,3070.0,4245.0,2184.0,0.78,3.557399723,3.231155779,111.826087,98.34,Healthcare,MRK,24.464913686666666
178,2017-03-31,50.46842156725806,11197552.274193548,1.98,24.69191919,14.54,14.66,0.5,30.61,1.78,25.75,1.5,55.07,1.37,9.14,4.03,4.84,77.98,17.2,40.31,3.92,14341.0,40308.0,10115.0,6644.0,-991.0,194.0,-594.0,-0.2,3.362448418,3.334924966,97.78,95.38,Healthcare,MRK,21.500880257777776
179,2017-06-30,50.99809113746032,5627831.523809524,2.19,24.2739726,14.35,14.63,-0.84,31.53,1.59,26.38,1.33,56.47,1.41,10.36,4.49,4.87,85.97,19.82,40.09,4.35,15249.0,40088.0,9434.0,6385.0,2083.0,3276.0,1551.0,0.56,3.704529617,3.633629528,-63.28571429,96.56,Healthcare,MRK,24.10329047333333
180,2017-09-30,51.154380919365074,8751114.0,2.47,21.87044534,14.43,14.56,3.07,28.17,1.5,22.76,1.21,53.09,1.34,12.4,5.31,5.24,101.06,18.76,39.71,5.09,11967.0,39712.0,9930.0,6814.0,2532.0,3694.0,1946.0,0.71,3.743589744,3.710164835,17.59609121,92.8,Healthcare,MRK,25.692912138888893
181,2017-12-31,47.116210755714285,11999181.0,1.67,32.54491018,14.43,14.12,1.57,27.92,1.43,22.66,1.16,53.18,1.38,7.18,3.03,5.02,57.04,19.47,38.5,2.85,11195.0,38499.0,10325.0,7018.0,146.0,1300.0,-56.0,-0.02,3.766458766,3.849150142,34.61783439,91.68,Healthcare,MRK,25.43279173777778
182,2018-03-31,46.300060897213115,8841557.0,0.93,51.79569892,14.6,12.82,1.66,24.77,1.33,19.67,1.06,53.3,1.54,6.26,2.6,2.1,55.59,18.61,34.57,2.39,8498.0,34569.0,10433.0,6993.0,2036.0,3203.0,-1047.0,-0.38,3.299315068,3.757410296,29.01807229,87.87,Healthcare,MRK,39.507209774888885
183,2018-06-30,48.77984076765625,10218524.0,0.64,73.5,14.89,12.59,1.94,24.09,1.42,18.7,1.1,52.14,1.54,4.31,1.76,2.1,43.69,16.96,33.9,1.58,7346.0,33901.0,10037.0,6853.0,1149.0,2286.0,736.0,0.27,3.159167226,3.73629865,24.24742268,86.04,Healthcare,MRK,93.44112360188889
184,2018-09-30,55.498192257619046,14956951.0,0.56,94.33928571,15.17,12.27,1.92,24.06,1.33,18.89,1.04,52.27,1.6,3.84,1.53,1.59,49.57,18.13,32.77,1.34,7594.0,32766.0,10465.0,7048.0,2266.0,3556.0,1707.0,0.63,3.482531312,4.305623472,27.515625,85.04,Healthcare,MRK,20.61799328288889
185,2018-12-31,61.913270193650796,7231575.555555556,1.31,47.45038168,15.41,12.28,3.31,26.84,1.44,21.42,1.15,52.47,1.61,10.0,3.89,2.22,166.97,18.59,32.66,3.35,10285.0,32656.0,10794.0,7175.0,2664.0,3758.0,1950.0,0.73,4.033744322,5.061889251,18.77945619,85.13,Healthcare,MRK,90.27433399600001
186,2019-03-31,66.06713091737706,13180696.0,2.32,29.06896552,15.72,10.37,3.1,25.88,1.17,20.44,0.92,55.76,2.07,19.71,7.34,-4.48,1728.98,22.21,26.88,6.22,8864.0,26882.0,10998.0,7709.0,2852.0,3850.0,1827.0,0.69,4.290076336,6.503375121,21.75483871,82.64,Healthcare,MRK,28.421193143333333
187,2019-06-30,68.08383899301587,10147994.0,3.17,23.31230284,16.17,10.71,3.13,25.35,1.37,19.64,1.06,54.68,1.98,28.0,10.02,-1.5,-1557.53,18.54,27.67,8.4,8798.0,27670.0,10816.0,7764.0,3408.0,4306.0,2915.0,1.12,4.570191713,6.900093371,23.61022364,82.35,Healthcare,MRK,26.830040716666662
188,2019-09-30,71.73891556265625,46077684.75,3.57,21.00840336,16.84,10.81,2.98,24.3,1.21,18.45,0.92,56.23,2.03,32.58,11.21,-5.13,-421.47,20.09,27.74,9.36,7105.0,27737.0,11760.0,8359.0,3458.0,4431.0,2670.0,1.03,4.45368171,6.938020352,25.16778523,83.97,Healthcare,MRK,26.216498794444444
189,2019-12-31,74.0188572403125,7766246.765625,3.58,21.17318436,17.62,10.56,3.45,26.14,1.26,20.29,0.98,56.41,2.1,34.11,11.21,-4.86,-233.26,20.68,26.93,9.31,8018.0,26925.0,12397.0,8407.0,2614.0,3459.0,1901.0,0.74,4.301929625,7.178030303,21.97101449,83.33,Healthcare,MRK,26.898440008888894
190,2020-03-31,71.3232770735484,4124391.7741935486,3.81,21.64041995,15.13,10.24,2.14,27.48,1.24,21.51,0.97,58.4,2.25,36.34,11.79,-7.62,-205.97,22.22,26.0,9.84,10450.0,26001.0,4148.0,2575.0,-1554.0,-960.0,2357.0,0.92,5.449438202,8.051757813,38.528037379999994,84.4,Healthcare,MRK,30.36756863
191,2020-06-30,68.88748871428571,15667247.333333334,3.95,17.8,15.71,10.42,1.74,26.17,1.12,20.33,0.87,58.61,2.23,37.95,12.06,-9.56,-149.34,23.48,26.3,10.15,7432.0,26300.0,12057.0,8745.0,3981.0,4802.0,3219.0,1.26,4.475493316,6.747600768,40.408045980000004,84.91,Healthcare,MRK,31.277149351444436
192,2020-09-30,72.239251851875,7223355.984375,4.1,17.37317073,14.85,10.97,1.38,29.34,1.32,23.29,1.05,62.87,2.27,39.18,12.21,-8.89,-135.5,22.18,27.74,10.48,11103.0,27744.0,9353.0,6606.0,2436.0,3411.0,3002.0,1.18,4.796632997,6.493163172,51.61594203,90.62,Healthcare,MRK,-33.747826423333336
193,2020-12-31,71.056199193125,6729771.5,4.52,17.02654867,14.34,11.57,0.16,26.58,1.3,20.45,1.0,60.53,2.07,42.15,13.17,-7.66,-136.61,20.41,29.27,11.52,7356.0,29270.0,10929.0,7916.0,2507.0,3314.0,2941.0,1.16,5.366806137,6.651685393,481.0,89.8,Healthcare,MRK,-28.699564292222224
194,2021-03-31,69.10073052016392,6002045.672131147,2.77,27.61732852,16.34,10.04,1.25,27.76,1.02,22.21,0.81,66.18,2.61,26.0,7.92,-7.58,-83.92,27.33,25.4,7.07,8050.0,25404.0,9179.0,4633.0,-3376.0,-2493.0,-2095.0,-0.82,4.681762546,7.619521912,61.2,91.59,Healthcare,MRK,27.22789220444444
195,2021-06-30,70.27777245,10084845.904761905,2.76,26.35144928,15.79,10.68,1.43,26.91,1.02,20.51,0.78,63.81,2.36,25.68,7.75,-7.57,-88.68,26.36,27.04,7.03,6981.0,27039.0,10627.0,7428.0,2829.0,3721.0,3179.0,1.25,4.606079797,6.809925094,50.86013986,90.85,Healthcare,MRK,24.01115095
196,2021-09-30,72.470998525625,7827192.1875,2.19,33.78995434,16.59,13.18,1.29,28.67,1.31,23.17,1.06,57.3,1.72,19.36,6.14,0.89,-101.67,21.91,33.39,5.57,8575.0,33388.0,11402.0,8298.0,1696.0,2424.0,1545.0,0.61,4.460518385,5.614567527,57.36434109,90.69,Healthcare,MRK,23.874567096666667
197,2021-12-31,76.5837055440625,15895196.875,2.83,25.48056537,17.47,14.2,2.67,31.06,1.31,25.46,1.07,57.63,1.61,23.65,7.85,3.62,-270.45,23.73,35.86,7.2,10016.0,35863.0,13154.0,9704.0,4923.0,5682.0,4567.0,1.8,4.127647396,5.078169014,27.00749064,93.49,Healthcare,MRK,28.806642503333332
198,2022-03-31,76.54208607806451,5915027.419354838,5.14,14.44941634,19.19,15.14,3.42,30.27,1.27,24.31,1.02,67.44,1.76,38.79,13.71,-5.94,-579.7,23.87,38.26,13.05,8096.0,38257.0,13521.0,9648.0,3751.0,4586.0,3758.0,1.48,3.870244919,4.905548217,21.71637427,105.69,Healthcare,MRK,68.88091396888889
199,2022-06-30,86.74340232491802,9326600.0,5.59,14.35062612,21.27,16.2,4.84,31.18,1.4,25.41,1.14,65.72,1.61,38.21,14.3,-3.33,-1192.35,22.32,40.95,14.18,8928.0,40953.0,15901.0,10521.0,5622.0,6742.0,4310.0,1.7,3.771509168,4.951851852,16.57438017,106.67,Healthcare,MRK,-0.5830009466666672
200,2009-03-31,7.763771534,60384398.0,1.286689651,9.033430623,6.514926848,8.96,2.84033864,54.25,2.32,49.8,2.13,62.49,1.03,12.38093846,5.728661073,-20.98864287,197.2936674,23.34,60.44,8.69490449,42956.31694,64529.60718,11683.13387,10434.15919,3283.681974,5047.286134,2070.375619,0.291165862,1.465862343,0.949842805,6.54341096,206.8912668,Healthcare,PFE,7.177199014624999
201,2009-06-30,8.218525750253969,59738479.82539683,1.286689651,9.033430623,6.514926848,8.96,2.84033864,54.25,2.32,49.8,2.13,62.49,1.03,12.38093846,5.728661073,-20.98864287,197.2936674,23.34,60.44,8.69490449,42956.31694,64529.60718,11683.13387,10434.15919,3283.681974,5047.286134,2070.375619,0.291165862,1.465862343,0.949842805,6.54341096,206.8912668,Healthcare,PFE,7.177199014624999
202,2009-09-30,9.25835151975,34294800.421875,1.292132792,8.901059209,6.674281317,9.37,2.961466576,71.55,2.74,66.56,2.55,76.1,1.2,12.51053166,5.757658239,-20.62429896,-118.6182295,26.11,63.24,8.712495509,49647.0,63235.0,10984.0,9228.0,3121.0,4127.0,2261.0,0.34,1.47849854,0.953844105,6.203319076,206.4964748,Healthcare,PFE,7.1190626025000014
203,2009-12-31,10.40957400165625,68988407.3125,1.27383575,9.108975551,6.896620702,8.21,2.73737028,73.78,3.08,68.73,2.87,75.04,1.13,12.3251483,5.642363352,-20.14681107,-36.21002243,23.99,66.25,8.607791086,52473.0,66250.0,11621.0,9832.0,4131.0,5100.0,2878.0,0.43,1.501770147,1.006493756,5.945163303,213.9659969,Healthcare,PFE,7.2007514998749995
204,2010-03-31,10.670825254590163,19686422.327868853,1.27,8.409448819,7.2,11.21,2.18,61.67,1.66,49.27,1.32,122.5,1.35,12.32,5.6,-19.95,62.52,37.23,90.45,8.64,25969.0,90446.0,15797.0,12291.0,-39.0,1735.0,767.0,0.06,1.483333333,0.952720785,4.899082569,212.95,Healthcare,PFE,7.071211982124999
205,2010-06-30,9.53232491220635,44477613.82539683,1.12,9.071428571,7.63,11.17,0.93,49.92,1.93,39.78,1.54,105.03,1.17,10.23,4.61,-17.05,196.24,25.92,90.08,7.93,17262.0,90082.0,16576.0,12374.0,3561.0,5612.0,2026.0,0.25,1.331585845,0.90957923,10.92473118,195.11,Healthcare,PFE,7.333415035500001
206,2010-09-30,9.62769918109375,68014777.703125,1.09,7.834862385,8.13,10.81,0.86,51.1,2.07,41.59,1.69,104.19,1.2,9.77,4.4,-18.5,-119.98,24.68,86.88,8.15,19268.0,86878.0,17132.0,13448.0,4201.0,6414.0,2475.0,0.31,1.050430504,0.790009251,9.930232558,191.07,Healthcare,PFE,6.972681290875
207,2010-12-31,10.47477953125,44373208.765625,0.77,13.50649351,8.4,10.99,1.08,54.09,2.24,45.32,1.88,103.35,1.17,6.9,3.1,-14.35,-35.14,24.17,88.07,6.13,22464.0,88068.0,15995.0,12205.0,3763.0,5992.0,866.0,0.11,1.238095238,0.946314832,9.62962963,191.42,Healthcare,PFE,8.131461175624999
208,2011-03-31,11.77938692016129,31606969.5,1.03,10.39805825,8.07,11.02,1.23,61.01,2.13,52.74,1.84,106.75,1.21,9.35,4.27,-13.22,-52.34,28.64,88.27,8.26,28012.0,88265.0,15462.0,12350.0,1887.0,3793.0,2890.0,0.35,1.327137546,0.971869328,8.707317073,195.01,Healthcare,PFE,18.160657246125005
209,2011-06-30,12.819025675555554,40753018.746031746,1.06,11.83962264,8.08,11.46,2.6,58.24,2.0,49.78,1.71,104.42,1.15,9.56,4.38,-12.82,-57.43,29.17,90.53,8.45,24009.0,90533.0,16502.0,12809.0,3945.0,6049.0,2222.0,0.28,1.553217822,1.095113438,4.826923077,194.96,Healthcare,PFE,13.818133985125
210,2011-09-30,11.76036852578125,49349915.34375,1.08,11.90740741,8.03,11.4,2.75,60.48,1.99,51.89,1.7,106.94,1.2,9.65,4.42,-13.2,-64.11,30.47,88.96,8.59,25484.0,88963.0,16485.0,12914.0,4021.0,6270.0,2610.0,0.33,1.601494396,1.128070175,4.676363636,195.9,Healthcare,PFE,11.307551287625
211,2011-12-31,12.551936967142858,59446443.0,1.45,7.696551724,8.17,11.78,2.49,62.73,2.25,54.31,1.95,105.6,1.17,12.79,5.86,-10.48,-92.21,27.86,90.53,11.46,28963.0,90530.0,16609.0,13200.0,4088.0,6303.0,3738.0,0.48,1.365973072,0.947368421,4.481927711,196.13,Healthcare,PFE,9.203596208375
212,2012-03-31,13.885056787580645,26018728.0,1.28,10.7734375,7.71,10.91,2.36,60.82,2.1,54.21,1.88,105.38,1.28,11.35,5.17,-13.13,-80.67,28.91,82.62,10.01,26452.0,82621.0,11439.0,9612.0,1913.0,4371.0,1439.0,0.18,1.788586252,1.263978002,5.843220339,188.0,Healthcare,PFE,9.954576750125
213,2012-06-30,14.522695767619048,35830835.0,1.24,11.75806452,7.62,11.17,2.15,54.86,2.03,47.67,1.76,102.01,1.22,11.08,5.0,-14.38,-74.87,27.09,83.68,9.58,23972.0,83677.0,14885.0,12140.0,4093.0,6314.0,1794.0,0.24,1.913385827,1.305282005,6.781395349,185.68,Healthcare,PFE,10.06215656775
214,2012-09-30,15.596568743492064,34342693.0,1.34,11.1641791,7.39,10.71,1.94,58.77,1.91,51.76,1.68,102.88,1.29,12.14,5.43,-13.01,-80.2,30.8,79.96,10.22,24306.0,79961.0,13968.0,11592.0,4868.0,6539.0,3253.0,0.43,2.02435724,1.396825397,7.711340206,182.84,Healthcare,PFE,10.944599655875
215,2012-12-31,16.531989912741935,26633884.5,1.29,12.64341085,6.99,11.15,2.04,57.13,1.96,49.61,1.7,100.49,1.22,11.81,5.25,-9.46,-77.59,29.13,82.12,9.69,22968.0,82115.0,12953.0,10644.0,3743.0,5399.0,3208.0,0.43,2.333333333,1.462780269,7.995098039,182.6,Healthcare,PFE,12.893316887874999
216,2013-03-31,18.241767057166665,22778837.0,1.95,8.517948718,7.25,11.23,2.05,64.83,2.22,58.76,2.01,104.12000000000002,1.28,17.8,7.91,-7.13,-132.53,29.19,81.68,14.57,32399.0,81678.0,12851.0,10460.0,2560.0,4667.0,6315.0,0.84,2.291034483,1.479073909,8.102439024,185.8,Healthcare,PFE,12.003429725777778
217,2013-06-30,19.57798337859375,29449919.0,2.09,9.224880383,7.0,11.68,2.01,64.76,2.35,57.73,2.1,104.57,1.26,19.02,8.41,-5.03,-179.32,27.54,82.83,15.53,35346.0,82827.0,12410.0,10147.0,3870.0,5644.0,2750.0,0.38,2.754285714,1.650684932,9.592039801,187.4,Healthcare,PFE,14.680947031777777
218,2013-09-30,19.45499423109375,128112275.25,3.64,5.184065934,6.97,11.93,2.0,61.44,2.62,55.15,2.35,100.36,1.27,32.39,14.35,-5.23,-392.72,23.45,78.98,26.37,33711.0,78977.0,12973.0,10731.0,4287.0,5913.0,14095.0,1.98,2.707317073,1.581726739,9.435,179.34,Healthcare,PFE,15.22364472922222
219,2013-12-31,20.962769836875,29506881.125,3.6,5.419444444,7.14,12.09,2.27,59.5,2.92,53.02,2.6,97.17,1.24,32.0,14.15,-4.6,-468.44,20.37,78.35,25.75,33679.0,78354.0,12643.0,10356.0,3984.0,5505.0,2590.0,0.39,2.732492997,1.613730356,8.594713656,175.52,Healthcare,PFE,13.990938475222224
220,2014-03-31,21.654189563114752,15722464.836065574,3.14,6.675159236,7.4,11.97,2.39,56.24,2.41,50.08,2.14,95.48,1.25,27.78,12.32,-5.28,-436.94,23.37,76.62,22.0,32408.0,76620.0,13558.0,10764.0,3043.0,4532.0,2568.0,0.44,2.832432432,1.751044277,8.769874477,172.1,Healthcare,PFE,17.09298183122222
221,2014-06-30,20.87596417952381,23301870.873015873,3.12,7.105769231,7.44,12.24,2.51,57.79,2.33,51.73,2.09,93.74,1.2,27.67,12.35,-2.52,-489.67,24.79,78.07,21.58,33881.0,78068.0,11353.0,9308.0,3470.0,4926.0,2329.0,0.36,2.97983871,1.81127451,8.832669323,171.81,Healthcare,PFE,18.582123174555555
222,2014-09-30,20.75229159,32152554.90625,1.59,13.0,7.6,12.14,2.61,58.29,2.66,52.04,2.37,95.66,1.24,13.42,6.01,-3.07,-268.97,21.94,76.96,10.4,34054.0,76956.0,12773.0,10311.0,3950.0,5374.0,2912.0,0.45,2.719736842,1.702635914,7.91954023,172.61,Healthcare,PFE,20.00234701666667
223,2014-12-31,21.37615784984375,20900994.375,1.62,12.82098765,7.63,12.43,2.37,56.99,2.86,50.63,2.54,93.06,1.19,13.52,6.09,-0.79,-359.26,19.92,78.31,10.48,33446.0,78305.0,12361.0,9993.0,3682.0,5008.0,2666.0,0.42,2.72214941,1.670957361,8.76371308,171.36,Healthcare,PFE,24.95502443333333
224,2015-03-31,23.914089484918033,11879179.770491803,1.42,15.54225352,7.71,11.38,2.47,55.6,2.58,49.93,2.31,95.94,1.34,11.98,5.35,-5.61,-304.7,21.59,71.62,9.14,36122.0,71622.0,13118.0,10416.0,2147.0,3478.0,1228.0,0.19,2.862516213,1.939367311,8.935222672,167.57,Healthcare,PFE,26.619890545555556
225,2015-06-30,24.715073267301587,26946043.888888888,1.44,17.27083333,7.68,10.98,2.13,49.44,2.45,43.66,2.16,93.05,1.38,12.47,5.46,-8.6,-203.23,20.22,67.59,9.18,27708.0,67587.0,10864.0,9026.0,3037.0,4297.0,2376.0,0.38,3.23828125,2.265027322,11.67605634,160.64,Healthcare,PFE,25.44821354111111
226,2015-09-30,24.509136855312498,30433026.375,1.41,17.14184397,7.6,10.89,2.16,51.72,2.14,45.92,1.9,93.7,1.4,12.5,5.39,-7.82,-155.92,24.14,67.18,8.9,30256.0,67180.0,11853.0,9673.0,3595.0,4796.0,2626.0,0.42,3.180263158,2.219467401,11.18981481,160.88,Healthcare,PFE,26.86753019555556
227,2015-12-31,24.2392348646875,32471088.734375,1.33,17.15789474,7.6,10.87,2.25,45.0,1.62,37.32,1.34,103.74,1.55,12.23,5.07,-23.39,-73.63,27.85,67.12,8.36,20658.0,67124.0,12087.0,9868.0,3358.0,4630.0,2130.0,0.34,3.002631579,2.099356026,10.14222222,170.87,Healthcare,PFE,22.871477384444447
228,2016-03-31,22.220007318360654,17489758.459016394,1.24,19.06451613,7.81,10.53,2.12,43.8,1.49,36.29,1.23,102.38,1.58,10.43,4.22,-23.6,-43.91,29.4,65.0,6.96,23290.0,64998.0,14047.0,10636.0,1834.0,3258.0,-172.0,-0.03,3.026888604,2.245014245,11.1509434,167.38,Healthcare,PFE,24.221788491111113
229,2016-06-30,25.04275441265625,33705518.109375,1.35,16.24444444,8.17,10.44,2.3,41.3,1.44,33.72,1.17,99.58,1.57,11.61,4.61,-24.81,-38.29,28.74,63.35,7.62,19443.0,63347.0,13005.0,10154.0,3891.0,5316.0,3038.0,0.49,2.684210526,2.100574713,9.534782609,162.93,Healthcare,PFE,22.489345044444445
230,2016-09-30,26.4770983165625,26209723.734375,1.26,20.85714286,8.41,10.4,2.21,43.85,1.37,36.23,1.13,107.59,1.71,10.9,4.19,-30.59,-27.51,32.1,63.07,7.04,20942.0,63066.0,13147.0,9973.0,3477.0,4864.0,2047.0,0.33,3.124851367,2.526923077,11.89140271,170.66,Healthcare,PFE,23.61722938111111
231,2016-12-31,24.3871231384127,26396376.0,1.13,22.56637168,8.59,10.48,2.15,38.5,1.11,30.99,0.89,114.83,1.81,9.83,3.69,-46.92,-19.91,34.76,63.6,6.27,14371.0,63601.0,13045.0,9960.0,3021.0,4417.0,1355.0,0.22,2.968568102,2.433206107,11.86046512,178.43,Healthcare,PFE,24.464913686666666
232,2017-03-31,25.466118352096775,19819558.403225806,1.16,21.29310345,8.56,9.86,2.33,38.95,1.25,32.17,1.03,111.78,1.87,11.55,4.22,-47.26,-19.29,31.12,59.84,7.22,17850.0,59840.0,13627.0,10415.0,1756.0,3305.0,775.0,0.13,2.885514019,2.505070994,10.60085837,171.62,Healthcare,PFE,21.500880257777776
233,2017-06-30,25.696021943015875,15802216.936507937,1.18,22.26271186,8.57,9.84,2.29,35.88,1.44,28.46,1.15,110.04,1.87,11.9,4.23,-48.34,-16.86,24.86,58.75,7.3,14560.0,58746.0,12779.0,10311.0,4010.0,5565.0,3121.0,0.51,3.065344224,2.669715447,11.47161572,168.78,Healthcare,PFE,24.10329047333333
234,2017-09-30,26.46647114269841,15724837.0,1.36,19.15441176,8.57,9.87,2.23,36.39,1.34,28.8,1.06,109.86,1.87,13.82,4.84,-47.67,-17.51,27.18,58.69,8.32,14333.0,58694.0,12896.0,10236.0,3741.0,5315.0,3073.0,0.51,3.039673279,2.639311044,11.68161435,168.56,Healthcare,PFE,25.692912138888893
235,2017-12-31,28.311719864761905,16867900.0,1.62,17.25308642,8.63,10.25,2.27,40.29,1.43,32.37,1.15,111.04,1.82,16.46,5.76,-44.69,-20.88,28.22,61.11,9.81,16925.0,61110.0,13168.0,10324.0,3664.0,5230.0,2840.0,0.47,3.238702202,2.726829268,12.31277533,172.15,Healthcare,PFE,25.43279173777778
236,2018-03-31,28.831722790983605,12038261.0,3.51,8.153846154,8.68,11.98,2.45,41.14,1.35,33.56,1.1,100.14,1.4,34.06,12.51,-33.04,-49.06,30.43,71.66,21.31,19992.0,71656.0,13703.0,10447.0,2307.0,3881.0,12274.0,2.03,3.297235023,2.388981636,11.68163265,171.8,Healthcare,PFE,39.507209774888885
237,2018-06-30,28.9111450615625,24804731.0,3.59,7.883008357,8.71,12.06,2.51,34.84,1.27,26.69,0.98,94.07,1.33,33.2,12.85,-33.54,-54.73,27.37,70.54,21.75,11421.0,70541.0,12906.0,10343.0,3949.0,5516.0,3561.0,0.59,3.249138921,2.346600332,11.2749004,164.61,Healthcare,PFE,93.44112360188889
238,2018-09-30,32.894624589047616,20974705.0,3.73,7.831099196,8.83,11.96,2.63,37.3,1.16,29.23,0.91,94.86,1.35,32.98,13.39,-32.3,-62.82,32.16,70.12,22.55,13431.0,70124.0,13466.0,10550.0,3976.0,5538.0,3872.0,0.65,3.30804077,2.4423076920000004,11.10646388,164.98,Healthcare,PFE,20.61799328288889
239,2018-12-31,35.72052831476191,15613739.984126983,3.95,9.060759494,8.88,12.4,2.68,41.58,1.43,33.4,1.15,96.17,1.34,33.55,14.24,-29.26,-74.36,29.01,71.66,23.82,17239.0,71664.0,13298.0,10604.0,3764.0,5378.0,4114.0,0.69,4.030405405,2.886290323,13.35447761,167.84,Healthcare,PFE,90.27433399600001
240,2019-03-31,34.78229378901639,25480977.0,1.86,19.20430108,6.81,11.15,2.32,49.93,1.57,42.42,1.33,95.66,1.5,16.16,6.79,-24.86,-37.19,31.86,63.76,11.15,18833.0,63758.0,1155.0,341.0,-6017.0,-4610.0,-394.0,-0.06,5.245227606,3.203587444,15.39655172,159.42,Healthcare,PFE,28.421193143333333
241,2019-06-30,34.762907542539686,21681834.0,1.95,17.97435897,6.96,10.65,2.27,45.29,1.54,37.26,1.27,96.26,1.63,17.34,7.09,-28.37,-39.99,29.42,59.16,11.48,11619.0,59158.0,13118.0,10685.0,4414.0,5959.0,3884.0,0.68,5.03591954,3.291079812,15.44052863,155.42,Healthcare,PFE,26.830040716666662
242,2019-09-30,32.13736191390625,39380231.84375,2.19,16.47031963,7.03,10.77,2.07,47.07,1.47,38.84,1.21,96.27,1.61,19.88,7.92,-26.45,-46.45,32.03,59.92,12.65,12912.0,59924.0,13264.0,10688.0,4266.0,5794.0,5046.0,0.89,5.13086771,3.34911792,17.42512077,156.2,Healthcare,PFE,26.216498794444444
243,2019-12-31,31.7710111734375,17489461.515625,2.86,10.55944056,7.06,11.82,1.99,33.46,0.91,25.24,0.68,105.05,1.61,26.13,10.11,-32.27,-57.94,36.97,65.4,16.22,9087.0,65396.0,12680.0,10078.0,2958.0,4511.0,7680.0,1.36,4.277620397,2.55499154,15.1758794,170.45,Healthcare,PFE,26.898440008888894
244,2020-03-31,30.720332422741937,11850864.709677419,2.87,11.58536585,7.19,11.46,1.86,32.8,0.88,25.74,0.69,104.15,1.64,25.86,9.87,-18.69,-60.6,37.3,63.45,16.03,9646.0,63447.0,1843.0,1400.0,-4928.0,-3799.0,-584.0,-0.11,4.624478442,2.901396161,17.87634409,167.59,Healthcare,PFE,30.36756863
245,2020-06-30,30.916920555873016,29848472.333333332,2.8,9.992857143,6.7,11.77,2.12,34.74,1.03,26.32,0.78,101.0,1.55,24.39,9.38,-27.63,-59.02,33.89,65.34,15.5,10350.0,65338.0,10083.0,8143.0,3027.0,4193.0,3355.0,0.6,4.176119403,2.377230246,13.19811321,166.34,Healthcare,PFE,31.277149351444436
246,2020-09-30,32.25044336921875,23793077.09375,2.52,11.23809524,6.12,11.62,2.29,46.42,1.42,37.86,1.16,113.37,1.76,21.55,8.17,-27.43,-52.6,32.72,64.56,13.94,22794.0,64564.0,9864.0,8038.0,2072.0,3271.0,3489.0,0.62,4.62745098,2.437177281,12.36681223,177.93,Healthcare,PFE,-33.747826423333336
247,2020-12-31,34.05909085296875,13690261.453125,1.55,20.70967742,5.7,11.79,1.87,47.74,1.4,38.44,1.13,113.49,1.73,11.94,4.48,-25.33,-31.2,34.15,65.5,7.73,21912.0,65495.0,10277.0,8270.0,2448.0,3656.0,1469.0,0.26,5.631578947,2.72264631,17.1657754,178.98,Healthcare,PFE,-28.699564292222224
248,2021-03-31,33.349610906393444,24912972.13114754,1.71,20.06432749,7.41,11.4,2.16,35.07,1.35,27.05,1.04,90.76,1.43,14.15,5.41,-14.42,-38.64,25.92,63.47,9.16,12223.0,63473.0,11427.0,8716.0,703.0,1811.0,846.0,0.15,4.63022942,3.009649123,15.88425926,154.23,Healthcare,PFE,27.22789220444444
249,2021-06-30,36.867112477142854,26116209.523809522,1.96,17.41326531,8.17,12.31,2.39,39.53,1.48,31.04,1.17,89.95,1.31,16.28,6.38,-8.9,-56.16,26.65,68.87,10.68,13667.0,68865.0,14516.0,10359.0,4689.0,5896.0,4877.0,0.86,4.17747858,2.772542648,14.28033473,158.82,Healthcare,PFE,24.01115095
250,2021-09-30,42.43021339140625,14571609.375,2.33,15.99141631,9.75,12.56,3.73,48.81,1.37,39.87,1.12,99.61,1.42,19.03,7.71,-6.88,-91.88,35.66,70.32,12.76,21700.0,70315.0,18899.0,11903.0,5606.0,6914.0,5563.0,0.98,3.821538462,2.96656051,9.989276139,169.92,Healthcare,PFE,23.874567096666667
251,2021-12-31,47.852512359375,18139103.125,3.36,12.29166667,12.12,13.54,5.21,57.9,1.39,49.26,1.18,103.22,1.36,27.9,11.74,0.17,-258.89,41.8,75.97,19.43,29696.0,75967.0,24035.0,14103.0,6147.0,7488.0,8146.0,1.42,3.407590759,3.050221566,7.92706334,179.19,Healthcare,PFE,28.806642503333332
252,2022-03-31,50.525494237258066,24608041.93548387,3.85,14.85714286,14.27,13.78,5.23,59.69,1.4,50.63,1.19,104.01,1.34,30.05,12.75,3.11,-703.67,42.67,77.46,21.98,31069.0,77462.0,23838.0,14102.0,2991.0,4326.0,3393.0,0.59,4.00840925,4.150943396,10.93690249,181.48,Healthcare,PFE,68.88091396888889
253,2022-06-30,49.92826712016393,27599600.0,4.36,11.58944954,16.16,14.79,5.55,54.42,1.39,44.44,1.13,101.16,1.22,32.59,13.98,2.66,-10680.64,39.27,82.69,24.97,23897.0,82685.0,25661.0,15677.0,9401.0,10588.0,7864.0,1.37,3.126856436,3.4164976339999997,9.104504505,183.84,Healthcare,PFE,-0.5830009466666672
254,2009-03-31,21.50356483,6702000.0,4.046984098,6.204786019,19.41025491,6.72,2.545007278,10.26,1.4,7.71,1.05,18.87,2.44,49.07604626,16.26918915,5.728051065,77.39324851,7.36,7.73,4.430653154,3794.626139,8744.511862,5436.012645,4379.577181,1185.117151,1557.57904,1060.690644,0.964823986,1.262061759,2.905398389,8.69317072,27.12324033,Healthcare,LLY,7.177199014624999
255,2009-06-30,22.003884058095238,6386682.53968254,4.046984098,6.204786019,19.41025491,6.72,2.5450072779999995,10.26,1.4,7.71,1.05,18.87,2.44,49.07604626,16.26918915,5.728051065,77.39324851,7.36,7.73,4.430653154,3794.626139,8744.511862,5436.012645,4379.577181,1185.117151,1557.57904,1060.690644,0.964823986,1.262061759,2.905398389,8.69317072,27.12324033,Healthcare,LLY,7.177199014624999
256,2009-09-30,22.05309826203125,7028787.5,4.040262074,6.192503023,19.53089471,7.45,2.719678796,10.94,1.57,7.94,1.14,18.37,2.15,48.94433446,16.26316708,5.797462288,76.44540238,6.99,8.56,4.423888787,3490.0,8560.0,5293.0,4345.0,1597.0,1903.0,1159.0,1.06,1.246642949,2.871988422,8.555789243,27.08345523,Healthcare,LLY,7.1190626025000014
257,2009-12-31,23.4918073421875,9186170.3125,3.989766313,6.24478188,19.69333428,8.62,2.987535638,11.81,1.95,8.68,1.43,17.22,1.74,48.59330426,16.09919487,5.704445227,75.56339707,6.07,9.91,4.371248605,3929.0,9905.0,5562.0,4510.0,1686.0,1996.0,942.0,0.86,1.249201648,2.882640944,8.16460302,27.2016838,Healthcare,LLY,7.2007514998749995
258,2010-03-31,23.92028189459016,3519604.918032787,3.95,6.106329114,19.89,8.29,3.27,12.49,1.9,9.64,1.47,17.94,1.88,48.48,16.02,5.83,83.94,6.57,9.53,4.33,4498.0,9525.0,5934.0,4503.0,550.0,926.0,915.0,0.82,1.212669683,2.909529554,7.376146789,27.46,Healthcare,LLY,7.071211982124999
259,2010-06-30,23.72762359142857,7265531.746031746,3.88,6.396907216,20.27,9.07,4.09,12.25,2.17,9.78,1.73,16.74,1.6,44.36,15.69,6.43,73.54,5.66,10.46,4.26,4758.0,10462.0,5486.0,4363.0,1660.0,1959.0,1248.0,1.13,1.22446966,2.736493936,6.068459658,27.2,Healthcare,LLY,7.333415035500001
260,2010-09-30,24.57580953875,8822265.625,4.04,5.762376238,20.65,8.88,5.0,12.47,1.97,10.29,1.63,17.49,1.71,44.4,16.27,6.2,72.36,6.33,10.24,4.45,5197.0,10235.0,5749.0,4725.0,1782.0,2128.0,1349.0,1.22,1.127360775,2.621621622,4.656,27.72,Healthcare,LLY,6.972681290875
261,2010-12-31,24.92638656453125,6722612.5,4.36,5.899082569,20.7,10.76,5.41,14.18,2.33,11.51,1.89,17.5,1.41,45.18,17.15,8.1,72.53,6.1,12.41,4.82,6140.0,12406.0,5655.0,4667.0,1753.0,2097.0,1303.0,1.18,1.242512077,2.390334572,4.754158965,29.9,Healthcare,LLY,8.131461175624999
262,2011-03-31,24.852401979516127,3224954.8387096776,4.58,5.462882096,20.89,10.76,5.6,14.84,2.14,12.32,1.78,18.59,1.5,44.56,17.51,7.59,71.61,6.93,12.41,5.07,6727.0,12413.0,6187.0,4955.0,1336.0,1674.0,1170.0,1.05,1.19770225,2.32527881,4.467857143,31.0,Healthcare,LLY,18.160657246125005
263,2011-06-30,27.00766297,6172404.761904762,4.4,5.788636364,21.17,12.04,5.81,15.35,2.01,12.59,1.65,17.76,1.28,39.83,16.22,9.2,62.75,7.65,13.93,4.88,6713.0,13934.0,5839.0,4659.0,1361.0,1702.0,1056.0,0.95,1.203117619,2.115448505,4.383820998,31.7,Healthcare,LLY,13.818133985125
264,2011-09-30,27.12536868453125,5780934.375,4.25,6.475294118,21.58,12.33,5.92,14.95,1.73,12.08,1.4,18.5,1.3,35.65,15.08,9.32,55.25,8.62,14.28,4.73,6330.0,14277.0,6253.0,5025.0,1589.0,1945.0,1197.0,1.07,1.275254866,2.231954582,4.648648649,32.78,Healthcare,LLY,11.307551287625
265,2011-12-31,28.54974135095238,13519500.0,4.18,6.576555024,21.98,13.01,6.18,14.57,1.77,12.06,1.47,17.98,1.19,33.47,14.5,9.84,51.83,8.22,15.06,4.66,6784.0,15058.0,6148.0,4810.0,1586.0,1944.0,1236.0,1.11,1.250682439,2.112990008,4.448220065,33.04,Healthcare,LLY,9.203596208375
266,2012-03-31,29.90205287935484,4391600.0,3.9,8.028205128,21.81,11.69,5.91,14.25,1.6,11.95,1.34,20.12,1.49,30.61,13.26,8.41,47.29,8.93,13.54,4.35,6897.0,13536.0,6047.0,4725.0,992.0,1311.0,858.0,0.77,1.435580009,2.678357571,5.297800338,33.66,Healthcare,LLY,9.954576750125
267,2012-06-30,31.24558905968254,4784300.0,3.86,7.958549223,21.61,12.77,5.6,12.6,1.92,10.18,1.55,17.42,1.18,29.83,13.06,9.56,46.36,6.55,14.82,4.3,4925.0,14823.0,5602.0,4404.0,1381.0,1767.0,1011.0,0.91,1.421564091,2.405638215,5.485714286,32.24,Healthcare,LLY,10.06215656775
268,2012-09-30,34.310872395714284,6136800.0,3.62,9.149171271,21.0,12.33,4.89,12.31,1.86,9.99,1.51,17.51,1.22,27.92,12.33,9.17,43.6,6.61,14.31,4.03,5262.0,14308.0,5601.0,4454.0,1202.0,1564.0,924.0,0.83,1.577142857,2.686131387,6.773006135,31.81,Healthcare,LLY,10.944599655875
269,2012-12-31,38.388006026129034,5904775.806451613,3.69,10.0298103,20.34,13.84,4.41,14.04,2.02,11.49,1.65,18.26,1.14,28.06,12.48,11.03,43.19,6.96,16.06,4.12,6900.0,16057.0,5443.0,4240.0,1140.0,1509.0,1327.0,1.18,1.819567355,2.674132948,8.392290249,34.32,Healthcare,LLY,12.893316887874999
270,2013-03-31,42.516427930666666,3646300.0,3.6600000000000006,10.63114754,20.25,12.92,3.96,13.04,1.55,10.4,1.24,19.63,1.3300000000000003,27.280000000000005,12.32,10.02,41.13,8.39,14.77,4.09,5684.0,14774.0,5957.0,4709.0,1011.0,1356.0,827.0,0.74,1.921481481,3.011609907,9.825757576,34.4,Healthcare,LLY,12.003429725777778
271,2013-06-30,43.227778494218754,4223200.0,4.17,10.84172662,20.33,13.28,3.51,12.33,1.62,9.75,1.28,17.35,1.16,30.79,13.93,10.34,45.63,7.59,14.96,4.63,4732.0,14956.0,5602.0,4444.0,1444.0,1825.0,1548.0,1.42,2.223807182,3.40436747,12.88034188,32.3,Healthcare,LLY,14.680947031777777
272,2013-09-30,41.97728705359375,8205770.3125,4.45,8.865168539,20.79,13.52,3.89,12.64,1.5,9.91,1.18,17.99,1.18,32.17,14.62,10.73,46.62,8.41,15.24,4.91,4711.0,15236.0,5930.0,4765.0,1503.0,1867.0,1206.0,1.11,1.897546898,2.917899408,10.14138817,33.23,Healthcare,LLY,15.22364472922222
273,2013-12-31,40.52978515578125,5826640.625,4.38,9.310502283,21.26,15.0,4.28,13.2,1.64,10.23,1.27,17.07,1.01,30.93,14.29,12.44,43.96,8.08,16.9,4.78,5379.0,16896.0,5773.0,4575.0,1545.0,1894.0,1203.0,1.11,1.918156162,2.718666667,9.528037383,33.97,Healthcare,LLY,13.990938475222224
274,2014-03-31,45.61442490918033,3306057.37704918,4.31,9.679814385,21.28,15.8,4.52,13.11,1.47,10.18,1.14,17.61,1.0,28.95,13.91,13.31,40.02,8.92,17.64,4.68,5397.0,17641.0,5809.0,4422.0,879.0,1230.0,728.0,0.68,1.960526316,2.640506329,9.230088496,35.25,Healthcare,LLY,17.09298183122222
275,2014-06-30,49.17889131793651,3141725.396825397,3.57,13.61064426,20.5,16.39,4.38,13.04,1.97,10.07,1.52,16.41,0.89,22.69,11.27,14.15,30.53,6.63,18.35,3.86,5212.0,18349.0,4683.0,3460.0,866.0,1215.0,728.0,0.68,2.370243902,2.964612569,11.09360731,34.76,Healthcare,LLY,18.582123174555555
276,2014-09-30,52.61093330390625,4626151.5625,3.14,16.48089172,19.62,16.11,3.74,13.16,1.77,9.97,1.34,17.02,0.95,19.14,9.76,13.33,25.49,7.42,18.0,3.39,5127.0,17995.0,4936.0,3746.0,887.0,1235.0,734.0,0.68,2.637614679,3.212290503,13.8368984,35.02,Healthcare,LLY,20.00234701666667
277,2014-12-31,56.521102309375,3508185.9375,2.5,21.764,18.83,15.88,3.43,12.11,1.6,9.27,1.22,16.97,0.96,15.01,7.7,12.93,20.03,7.58,17.68,2.69,4810.0,17683.0,4876.0,3609.0,598.0,941.0,501.0,0.47,2.889537971,3.426322418,15.86297376,34.65,Healthcare,LLY,24.95502443333333
278,2015-03-31,60.04973339655738,2736667.2131147543,2.23,26.14798206,18.24,13.86,3.08,11.93,1.23,9.19,0.94,20.92,1.36,13.78,6.8,10.75,18.71,9.74,15.39,2.39,4827.0,15388.0,5121.0,3868.0,309.0,648.0,429.0,0.4,3.196820175,4.207070707,18.93181818,36.31,Healthcare,LLY,26.619890545555556
279,2015-06-30,64.71497544730158,3387703.1746031744,2.05,30.16585366,18.24,13.47,2.76,11.74,1.41,8.76,1.05,20.71,1.39,13.29,6.2,6.05,20.38,8.34,14.95,2.19,4140.0,14947.0,4645.0,3452.0,525.0,883.0,530.0,0.5,3.390350877,4.590942836,22.4057971,35.65,Healthcare,LLY,25.44821354111111
280,2015-09-30,72.15928995609374,4486795.3125,1.93,37.07253886,18.33,13.27,2.7,12.35,1.5,9.06,1.1,21.33,1.45,13.14,5.78,5.84,23.18,8.23,14.71,2.06,4231.0,14705.0,4979.0,3760.0,875.0,1244.0,601.0,0.56,3.903436989,5.391861341,26.5,36.04,Healthcare,LLY,26.86753019555556
281,2015-12-31,71.3837913271875,7231671.875,2.21,32.65158371,18.45,13.75,2.18,12.57,1.51,9.15,1.1,21.06,1.38,15.66,6.54,6.57,32.32,8.3,15.24,2.36,4319.0,15241.0,4960.0,3723.0,961.0,1320.0,800.0,0.75,3.911111111,5.248,33.10091743,36.31,Healthcare,LLY,22.871477384444447
282,2016-03-31,65.51442174442623,1987622.950819672,2.26,32.34513274,18.73,13.2,1.87,12.57,1.53,9.13,1.11,20.98,1.44,16.2,6.71,5.52,40.19,8.23,14.59,2.41,4452.0,14590.0,5376.0,3986.0,328.0,671.0,478.0,0.45,3.902829685,5.537878788,39.09090909,35.57,Healthcare,LLY,24.221788491111113
283,2016-06-30,65.63253945140625,3144167.1875,2.17,28.99078341,18.95,13.62,1.77,11.72,1.6,7.97,1.09,19.66,1.31,15.57,6.5,6.1,38.62,7.34,15.03,2.32,2995.0,15029.0,4865.0,3542.0,716.0,1101.0,440.0,0.41,3.319788918,4.618942731,35.54237288,34.69,Healthcare,LLY,22.489345044444445
284,2016-09-30,70.23144245140625,7063473.4375,2.32,29.85344828,19.37,13.28,2.18,12.98,1.55,9.22,1.1,21.82,1.49,16.57,6.9,5.82,41.09,8.4,14.66,2.47,3935.0,14656.0,5405.0,3940.0,923.0,1297.0,748.0,0.71,3.575632421,5.215361446,31.7706422,36.48,Healthcare,LLY,23.61722938111111
285,2016-12-31,65.75891500873017,3269200.0,2.3,30.8826087,19.61,14.15,2.75,13.39,1.62,9.51,1.15,21.98,1.41,16.32,6.77,6.97,40.06,8.27,15.62,2.44,4227.0,15616.0,5192.0,3791.0,944.0,1336.0,778.0,0.73,3.622131566,5.019787986,25.82909091,37.59,Healthcare,LLY,24.464913686666666
286,2017-03-31,71.20956445532258,2938258.064516129,2.58,25.39534884,19.99,12.79,3.66,15.1,1.38,11.54,1.05,24.73,1.76,18.44,7.42,5.75,44.45,10.99,14.08,2.74,6039.0,14081.0,5761.0,4239.0,679.0,1023.0,772.0,0.73,3.277638819,5.12275215,17.90163934,38.81,Healthcare,LLY,21.500880257777776
287,2017-06-30,73.0074315147619,3190809.523809524,2.07,36.43478261,20.37,12.78,4.17,12.98,1.24,8.94,0.86,23.52,1.67,14.96,5.81,5.2,36.85,10.45,14.1,2.19,3506.0,14104.0,5228.0,3880.0,-17.0,370.0,-111.0,-0.1,3.702503682,5.901408451,18.08633094,37.62,Healthcare,LLY,24.10329047333333
288,2017-09-30,73.85986691428572,2366800.0,2.31,32.15584416,20.78,12.87,4.44,15.75,1.39,11.4,1.01,26.78,1.89,16.88,6.32,5.34,42.09,11.3,14.17,2.45,5434.0,14170.0,5824.0,4253.0,1200.0,1596.0,1008.0,0.95,3.574590953,5.771561772,16.72972973,40.95,Healthcare,LLY,25.692912138888893
289,2017-12-31,77.08836170968254,3506100.0,2.11,36.82464455,21.24,13.59,4.64,17.43,1.38,13.02,1.03,28.05,1.88,15.53,5.55,6.32,39.37,12.67,14.96,2.23,6943.0,14961.0,5658.0,4072.0,542.0,915.0,556.0,0.53,3.65819209,5.717439294,16.74568966,43.01,Healthcare,LLY,25.43279173777778
290,2018-03-31,73.43088193819672,2563800.0,-0.2,-386.0,18.92,10.61,4.31,19.2,1.32,14.74,1.01,33.31,2.86,-1.49,-0.49,3.27,-4.05,14.54,11.67,-0.2,8034.0,11668.0,3263.0,3321.0,279.0,691.0,-1657.0,-1.57,4.080338266,7.276154571,17.911832949999997,44.98,Healthcare,LLY,39.507209774888885
291,2018-06-30,75.46799743234375,3424000.0,1.06,67.20754717,18.7,13.44,4.34,16.26,1.41,11.63,1.01,29.77,2.04,8.12,2.59,6.26,21.22,11.55,14.59,1.12,4790.0,14588.0,4964.0,3799.0,1296.0,1719.0,1217.0,1.16,3.809625668,5.300595238,16.41474654,44.36,Healthcare,LLY,93.44112360188889
292,2018-09-30,92.4487098815873,2964000.0,-0.14,-565.0714286,18.61,10.82,4.17,18.33,1.4,14.18,1.09,30.74,2.65,-1.09,-0.33,3.52,-2.97,13.06,11.62,-0.14,6910.0,11621.0,5585.0,4351.0,-5.0,420.0,-260.0,-0.25,4.250940355,7.311460259,18.97122302,42.36,Healthcare,LLY,20.61799328288889
293,2018-12-31,103.81017593873015,2830898.412698413,0.45,222.3111111,18.42,13.27,4.42,20.69,1.91,16.57,1.53,30.47,2.15,3.46,1.02,6.17,9.37,10.83,14.15,0.45,9036.0,14151.0,5307.0,4154.0,1343.0,1759.0,1150.0,1.12,5.431053203,7.538809344,22.63348416,44.63,Healthcare,LLY,90.27433399600001
294,2019-03-31,113.61180964918033,3984000.0,3.13,34.64217252,20.77,10.32,4.17,20.55,1.73,17.45,1.47,33.0,3.03,25.22,7.38,8.47,52.94,11.89,10.91,3.23,7409.0,10909.0,5638.0,4508.0,900.0,1246.0,1125.0,1.1,5.220510351,10.50678295,26.00239808,43.91,Healthcare,LLY,28.421193143333333
295,2019-06-30,110.60383617777777,5729100.0,6.28,19.4633758,21.22,2.64,4.09,12.6,1.12,9.54,0.85,35.44,13.82,63.77,14.82,-7.93,244.63,11.24,2.57,6.26,2137.0,2565.0,5092.0,3954.0,645.0,1002.0,4242.0,4.31,5.760131951,46.29924242,29.88508557,38.01,Healthcare,LLY,26.830040716666662
296,2019-09-30,105.183790446875,8848506.25,7.97,13.16687578,21.9,2.96,3.8,13.46,1.14,10.27,0.87,35.81,12.53,102.93,18.99,-7.55,-3762.11,11.86,2.86,7.84,2368.0,2857.0,5637.0,4512.0,1498.0,1746.0,1327.0,1.44,4.791780822,35.4527027,27.61578947,38.67,Healthcare,LLY,26.216498794444444
297,2019-12-31,110.1303371203125,1905517.1875,8.22,12.88564477,22.69,3.61,3.36,12.66,1.17,9.56,0.88,34.43,9.94,160.62,20.06,-7.0,-226.99,10.83,3.46,7.95,1653.0,3462.0,5477.0,4302.0,1431.0,1719.0,1254.0,1.37,4.668135743,29.34072022,31.52380952,37.89,Healthcare,LLY,26.898440008888894
298,2020-03-31,131.25313814677418,1907832.2580645161,8.76,14.293379,23.77,2.82,4.06,13.71,1.16,10.52,0.89,36.59,13.56,287.28,21.63,-7.6,-110.63,11.78,2.7,8.32,2439.0,2699.0,6114.0,4831.0,1400.0,1741.0,1496.0,1.77,5.267564156,44.40070922,30.83990148,39.29,Healthcare,LLY,30.36756863
299,2020-06-30,147.35910905396827,5019033.333333333,6.05,21.95867769,25.02,3.34,4.09,13.99,1.11,10.89,0.86,37.91,11.86,181.22,14.1,-8.35,-72.59,12.61,3.2,5.53,1777.0,3197.0,5860.0,4645.0,1591.0,1864.0,1457.0,1.6,5.309752198,39.7754491,32.48166259,41.1,Healthcare,LLY,31.277149351444436
300,2020-09-30,149.2803940796875,2650737.5,6.16,25.64285714,24.96,4.47,5.64,14.58,1.22,11.27,0.94,37.7,8.82,164.9,14.03,-7.16,-74.65,11.99,4.27,5.62,2388.0,4272.0,5499.0,4277.0,1197.0,1521.0,1412.0,1.55,6.328525641,35.33780761,28.0070922,41.97,Healthcare,LLY,-33.747826423333336
301,2020-12-31,144.76215112656251,3278690.625,6.12,23.38398693,25.3,5.22,5.82,16.24,1.36,12.69,1.06,38.95,7.8,147.01,13.4,-6.32,-75.75,11.98,5.0,5.57,3630.0,4996.0,5741.0,4414.0,1278.0,1637.0,1208.0,1.33,5.656521739,27.41570881,24.58934708,43.95,Healthcare,LLY,-28.699564292222224
302,2021-03-31,190.5372852295082,1431501.6393442622,6.8,24.13235294,26.92,6.09,5.6,17.46,1.4,13.48,1.08,40.81,7.01,135.46,14.27,-5.39,-91.01,12.48,5.83,6.19,3681.0,5825.0,7440.0,5720.0,1992.0,2360.0,2117.0,2.31,6.095839525,26.94581281,29.30357143,46.63,Healthcare,LLY,27.22789220444444
303,2021-06-30,196.51475306984128,2509276.1904761903,6.69,27.25560538,27.95,7.4,7.0,16.61,1.42,12.94,1.11,39.74,5.6,109.81,13.58,-4.87,-102.65,11.71,7.1,6.09,3051.0,7099.0,6806.0,4927.0,1155.0,1506.0,1355.0,1.49,6.523792487,24.64054054,26.04857143,46.84,Healthcare,LLY,24.01115095
304,2021-09-30,242.34448361875,1657915.625,6.67,33.73163418,29.31,6.97,6.1,17.3,1.15,13.47,0.89,41.15,6.18,98.76,13.11,-5.21,-111.47,15.09,6.66,6.07,3271.0,6664.0,6740.0,4787.0,1403.0,1773.0,1390.0,1.53,7.67621972,32.27977044,36.88360656,47.81,Healthcare,LLY,23.874567096666667
305,2021-12-31,249.715969078125,3927414.0625,6.56,34.63719512,30.45,8.32,5.97,17.81,1.3,13.9,1.02,40.23,5.06,86.73,12.61,-3.82,-123.89,13.68,7.95,5.97,3825.0,7954.0,6773.0,5342.0,1881.0,2264.0,1110.0,1.22,7.462068966,27.31009615,38.06030151,48.19,Healthcare,LLY,28.806642503333332
306,2022-03-31,254.46972705645163,1198251.6129032257,6.14,44.38599349,31.07,9.6,6.53,18.45,1.23,14.57,0.97,39.65,4.33,72.31,11.65,-2.43,-136.8,15.05,9.16,5.58,3909.0,9155.0,8000.0,5950.0,1917.0,2363.0,1726.0,1.88,8.771483746,28.38854167,41.73506891,48.81,Healthcare,LLY,68.88091396888889
307,2022-06-30,297.50097205737706,2220100.0,6.75,42.03407407,32.23,9.96,7.35,16.97,1.27,13.07,0.98,37.46,3.96,73.77,12.79,-1.91,-183.43,13.39,9.46,6.13,2568.0,9462.0,7810.0,5738.0,2404.0,2840.0,1903.0,2.1,8.803288861,28.48694779,38.60272109,46.92,Healthcare,LLY,-0.5830009466666672
308,2009-03-31,10.06891823,4687600.0,2.54336243,4.740549425,10.68862244,8.248629781,3.740275808,15.85,1.13,14.15,1.01,30.99,2.0,40.2215002,14.56422376,-1.41040288,-344.9778027,14.05,15.53,7.367910105,7896.883786,17959.53765,7948.351499,6505.064119,2826.298825,3355.356562,2010.664255,0.69734674,1.148755935,1.69353561,3.750801627,55.02843817,Healthcare,AZN,7.177199014624999
309,2009-06-30,11.06384150179365,3209082.5396825396,2.54336243,4.740549425,10.68862244,8.248629781,3.740275808,15.85,1.13,14.15,1.01,30.99,2.0,40.2215002,14.56422376,-1.41040288,-344.9778027,14.05,15.53,7.367910105,7896.883786,17959.53765,7948.351499,6505.064119,2826.298825,3355.356562,2010.664255,0.69734674,1.148755935,1.69353561,3.750801627,55.02843817,Healthcare,AZN,7.177199014624999
310,2009-09-30,13.037913247812499,1928221.875,2.533133054,4.779828955,10.83652015,8.330132565,3.725838754,19.13,1.26,17.26,1.14,32.26,1.8,40.2072826,14.59537905,-1.158271013,-376.4375662,15.14,17.94,7.312242735,7275.0,17942.0,7958.0,6494.0,2537.0,3001.0,1707.0,0.59,1.116029339,1.693530949,3.796206536,55.08804484,Healthcare,AZN,7.1190626025000014
311,2009-12-31,13.0557210596875,2981500.0,2.53537685,5.581327188,11.05576218,8.243684561,3.679131692,20.54,1.36,18.64,1.23,32.35,1.65,40.34251297,14.64162929,-1.638023998,-441.930606,15.12,19.55,7.311548709,7834.0,19553.0,8200.0,6937.0,3145.0,3608.0,2115.0,0.73,1.137394819,1.693250107,3.841983202,55.16961742,Healthcare,AZN,7.2007514998749995
312,2010-03-31,13.425174525245902,1785636.0655737706,2.6,5.188461538,11.31,8.347624463,3.75,23.76,1.35,22.01,1.25,34.1,1.64,40.78,14.79,-1.29,-210.97,17.64,20.82,7.53,11402.0,20821.0,8945.0,7280.0,2963.0,3738.0,1562.0,0.54,1.192749779,1.690638522,3.597333333,54.92,Healthcare,AZN,7.071211982124999
313,2010-06-30,13.122134193015873,2449228.5714285714,2.81,4.747330961,11.61,8.239412305,3.6,22.35,1.32,20.57,1.21,33.19,1.59,41.22,15.46,-2.02,-328.91,16.99,20.89,8.16,9396.0,20888.0,8576.0,6922.0,3391.0,3792.0,2777.0,0.96,1.149009475,1.691017992,3.705555556,54.08,Healthcare,AZN,7.333415035500001
314,2010-09-30,15.27131408453125,15711871.875,2.95,4.766101695,11.68,8.338886235,3.36,23.38,1.43,21.69,1.33,32.38,1.45,41.04,15.9,-0.41,-544.56,16.3,22.27,8.57,11052.0,22265.0,8178.0,6726.0,2868.0,3299.0,2116.0,0.73,1.203767123,1.687868661,4.18452381,54.65,Healthcare,AZN,6.972681290875
315,2010-12-31,14.9367733453125,1982921.875,2.75,5.574545455,11.58,8.170461379,3.76,24.57,1.46,22.76,1.35,34.08,1.53,37.13,14.56,-0.51,-756.28,16.85,22.31,8.01,11527.0,22312.0,7898.0,6374.0,2406.0,3008.0,1554.0,0.54,1.323834197,1.680903679,4.07712766,56.39,Healthcare,AZN,8.131461175624999
316,2011-03-31,14.80048316532258,2021435.4838709678,2.79,5.007168459,11.53,8.31,3.5,25.13,1.5,23.45,1.4,32.72,1.4,36.36,14.61,1.38,-2070.21,16.79,23.41,8.08,12559.0,23410.0,8617.0,6858.0,2829.0,4136.0,1632.0,0.57,1.211621856,1.6811071,3.991428571,56.13,Healthcare,AZN,18.160657246125005
317,2011-06-30,15.770260674761904,2391746.0317460317,2.87,5.048780488,11.53,8.31,3.57,23.47,1.47,21.57,1.35,31.99,1.42,36.27,14.81,0.43,3722.9,16.02,22.55,8.21,10788.0,22547.0,8292.0,6953.0,3401.0,3927.0,2907.0,1.04,1.256721596,1.6811071,4.058823529,54.53,Healthcare,AZN,13.818133985125
318,2011-09-30,14.78223663578125,4022140.625,2.9,5.424137931,11.74,8.31,3.07,22.69,1.64,20.67,1.49,29.59,1.24,35.65,14.89,1.87,1038.41,13.84,23.82,8.21,10295.0,23815.0,8430.0,6948.0,2965.0,3476.0,2113.0,0.77,1.339863714,1.6811071,5.123778502,53.41,Healthcare,AZN,11.307551287625
319,2011-12-31,14.756740781904762,3048200.0,3.65,3.893150685,12.04,8.31,2.73,22.47,1.53,20.51,1.4,28.42,1.18,43.14,18.7,2.62,644.03,14.66,24.15,10.13,10813.0,24154.0,8213.0,6620.0,4262.0,4805.0,3477.0,1.27,1.180232558,1.6811071,5.205128205,52.58,Healthcare,AZN,9.203596208375
320,2012-03-31,15.119969106451613,2138200.0,3.66,4.049180328,12.3,9.08,2.69,23.51,1.49,21.65,1.38,29.36,1.25,42.52,18.73,2.62,530.4,15.75,23.47,9.99,11844.0,23466.0,8656.0,7044.0,2167.0,3137.0,1493.0,0.58,1.204878049,1.63215859,5.50929368,52.83,Healthcare,AZN,9.954576750125
321,2012-06-30,14.394500762857142,3713400.0,3.26,4.558282209,12.21,9.08,2.67,21.56,1.37,19.52,1.24,29.05,1.34,37.39,16.62,0.82,439.47,15.8,21.72,8.71,10000.0,21715.0,7349.0,5974.0,2160.0,2659.0,1625.0,0.64,1.217035217,1.63215859,5.565543071,50.76,Healthcare,AZN,10.06215656775
322,2012-09-30,15.828489076825397,7850000.0,3.14,4.761146497,11.79,9.08,2.85,19.78,1.34,17.74,1.2,29.16,1.31,35.79,15.79,-1.26,682.95,14.8,22.23,8.19,9204.0,22234.0,6660.0,5314.0,1868.0,2378.0,1597.0,0.63,1.268023749,1.63215859,5.245614035,51.39,Healthcare,AZN,10.944599655875
323,2012-12-31,15.919436116290322,3653661.290322581,2.46,6.62195122,11.44,9.08,2.67,18.03,1.28,15.94,1.13,30.19,1.36,27.77,12.01,-4.32,-1163.19,14.13,22.26,6.23,6816.0,22255.0,6682.0,5408.0,2156.0,2901.0,1511.0,0.6,1.423951049,1.63215859,6.101123596,52.45,Healthcare,AZN,12.893316887874999
324,2013-03-31,16.468062083499998,1998200.0,2.49,6.46184739,11.03,9.6,2.56,19.05,1.37,16.99,1.22,29.59,1.24,27.69,11.99,-2.4,-348.36,13.9,23.95,6.24,8555.0,23946.0,7282.0,5884.0,1964.0,2728.0,1507.0,0.61,1.458748867,1.676041667,6.28515625,53.53,Healthcare,AZN,12.003429725777778
325,2013-06-30,18.04674559828125,6603600.0,2.26,7.840707965,10.73,9.6,2.8,18.34,1.32,16.31,1.18,29.84,1.33,24.75,10.73,-3.44,-196.95,13.86,22.49,5.63,8029.0,22488.0,6385.0,5119.0,1397.0,2048.0,1011.0,0.41,1.651444548,1.676041667,6.328571429,52.33,Healthcare,AZN,14.680947031777777
326,2013-09-30,17.9651556909375,4396146.875,1.95,8.6,10.59,9.6,2.94,19.39,1.28,17.31,1.14,30.58,1.31,21.07,9.14,-2.94,-148.14,15.2,23.41,4.85,9095.0,23412.0,6232.0,4915.0,1200.0,2139.0,823.0,0.33,1.583569405,1.676041667,5.704081633,53.99,Healthcare,AZN,15.22364472922222
327,2013-12-31,19.59583219890625,2340718.75,1.84,10.18478261,10.41,9.6,2.87,18.79,1.28,16.72,1.14,30.67,1.31,19.67,8.57,-3.75,-146.4,14.68,23.45,4.59,8342.0,23447.0,6250.0,5012.0,1706.0,2094.0,1246.0,0.5,1.800192123,1.676041667,6.529616725,54.12,Healthcare,AZN,13.990938475222224
328,2014-03-31,23.622407600163935,4016281.9672131147,1.02,21.0,10.3,9.25,2.68,20.34,1.27,18.43,1.15,32.65,1.4,11.04,4.73,-2.78,-79.21,16.05,23.25,2.56,10053.0,23253.0,6939.0,5499.0,-591.0,2014.0,-524.0,-0.21,2.07961165,2.315675676,7.992537313,55.9,Healthcare,AZN,17.09298183122222
329,2014-06-30,26.824750840476188,2789098.412698413,0.82,29.37804878,10.3,9.25,2.27,16.54,0.95,14.38,0.82,37.91,1.77,8.95,3.67,-11.66,-38.81,17.51,21.48,2.05,5164.0,21477.0,6460.0,5007.0,836.0,1548.0,504.0,0.2,2.338834951,2.315675676,10.6123348,59.39,Healthcare,AZN,18.582123174555555
330,2014-09-30,27.34934049890625,2285046.875,0.8,34.4875,10.49,8.73,2.44,16.2,0.99,13.96,0.86,36.49,1.66,8.96,3.55,-10.66,-28.04,16.32,22.05,2.02,5778.0,22052.0,6762.0,5455.0,1109.0,1807.0,796.0,0.32,2.630123928,3.160366552,11.30737705,58.54,Healthcare,AZN,20.00234701666667
331,2014-12-31,26.92016807234375,2161387.5,0.41,65.53658537,10.62,8.73,2.72,15.07,0.95,13.12,0.83,35.7,1.74,4.72,1.79,-11.25,-11.34,15.82,20.47,1.03,5957.0,20466.0,6609.0,5194.0,541.0,1392.0,254.0,0.1,2.530131827,3.160366552,9.878676471,56.16,Healthcare,AZN,24.95502443333333
332,2015-03-31,26.47918541622951,1334826.2295081967,0.49,54.02040816,10.51,7.78,2.45,16.7,0.96,14.74,0.85,38.95,1.98,5.9,2.12,-12.89,-10.62,17.33,19.65,1.23,7176.0,19646.0,6716.0,5049.0,-349.0,672.0,-321.0,-0.13,2.518553758,3.4023136250000006,10.80408163,58.6,Healthcare,AZN,26.619890545555556
333,2015-06-30,26.462767284126986,1742580.9523809524,0.51,51.88235294,10.34,6.71,1.92,12.69,0.81,10.72,0.68,36.75,2.17,6.47,2.25,-14.75,-10.33,15.76,16.96,1.28,3722.0,16956.0,6057.0,4788.0,933.0,1782.0,550.0,0.22,2.558994197,3.943368107,13.78125,53.7,Healthcare,AZN,25.44821354111111
334,2015-09-30,25.6110982003125,5301873.4375,0.48,51.33333333,10.16,7.24,1.47,13.81,0.86,11.61,0.72,36.87,2.02,6.26,2.11,-13.65,-8.98,16.15,18.3,1.18,4549.0,18299.0,6307.0,5240.0,923.0,1639.0,697.0,0.28,2.42519685,3.403314917,16.76190476,55.17,Healthcare,AZN,26.86753019555556
335,2015-12-31,25.67991375875,2297435.9375,0.68,36.67647059,9.89,6.87,1.33,13.2,0.82,11.01,0.69,36.75,2.12,9.39,3.06,-14.06,-12.26,16.04,17.37,1.7,4607.0,17368.0,5945.0,4904.0,1170.0,1741.0,770.0,0.3,2.52173913,3.630276565,18.7518797,54.12,Healthcare,AZN,22.871477384444447
336,2016-03-31,23.906626967049178,3226604.918032787,1.12,23.75892857,9.77,7.32,0.81,16.01,1.08,13.86,0.93,41.55,2.25,15.89,5.07,-15.94,-19.35,14.87,18.51,2.83,6855.0,18509.0,6399.0,5130.0,1088.0,1804.0,808.0,0.32,2.723643808,3.635245902,32.85185185,60.06,Healthcare,AZN,24.221788491111113
337,2016-06-30,23.48612901625,2585126.5625,1.16,19.62931034,9.79,6.58,1.29,12.77,0.8,10.43,0.65,47.68,2.87,16.5,5.0,-24.97,-17.03,15.93,16.64,2.92,4107.0,16642.0,6115.0,5111.0,1038.0,1607.0,646.0,0.26,2.325842697,3.460486322,17.65116279,64.32,Healthcare,AZN,22.489345044444445
338,2016-09-30,26.63975322265625,6760720.3125,0.88,27.73863636,9.51,6.08,0.91,13.32,0.93,10.9,0.76,49.03,3.19,13.08,3.66,-25.9,-10.99,14.34,15.39,2.22,4651.0,15390.0,5603.0,4541.0,303.0,890.0,-3.0,0.0,2.566771819,4.014802632,26.82417582,64.42,Healthcare,AZN,23.61722938111111
339,2016-12-31,23.26612872126984,6969900.0,0.98,27.47959184,9.41,5.89,0.58,12.87,0.84,10.45,0.68,48.31,3.24,15.06,3.91,-25.4,-10.69,15.38,14.91,2.47,4025.0,14912.0,5699.0,4799.0,1028.0,1639.0,1014.0,0.4,2.861849097,4.572156197,46.43103448,63.22,Healthcare,AZN,24.464913686666666
340,2017-03-31,24.274458546935485,3700820.9677419355,1.39,16.10791367,9.09,6.59,1.1,13.26,0.87,10.93,0.72,45.86,2.75,22.0,5.5,-22.58,-14.16,15.26,16.67,3.5,5929.0,16669.0,5585.0,4425.0,2533.0,3123.0,1842.0,0.73,2.463146315,3.397572079,20.35454545,62.53,Healthcare,AZN,21.500880257777776
341,2017-06-30,27.64615077079365,2286485.714285714,1.34,19.67164179,8.81,5.84,0.66,11.64,0.75,8.99,0.58,46.18,3.13,21.96,5.4,-24.3,-13.81,15.43,14.78,3.39,3672.0,14779.0,5405.0,4511.0,917.0,1575.0,537.0,0.21,2.992054484,4.51369863,39.93939394,60.96,Healthcare,AZN,24.10329047333333
342,2017-09-30,26.982385030158728,3395400.0,1.53,18.8627451,8.58,6.09,0.72,14.3,0.91,11.4,0.73,49.71,3.23,25.06,6.15,-23.83,-16.11,15.66,15.41,3.87,6263.0,15412.0,5051.0,4101.0,925.0,1541.0,477.0,0.19,3.363636364,4.738916256,40.08333333,65.12,Healthcare,AZN,25.692912138888893
343,2017-12-31,28.98681022968254,2471600.0,1.4,20.8,8.8,6.1,1.28,13.63,0.94,10.47,0.72,49.14,3.18,22.74,5.6,-23.52,-15.04,14.46,15.45,3.54,5211.0,15447.0,6232.0,4983.0,1149.0,1804.0,686.0,0.27,3.309090909,4.773770492,22.75,64.59,Healthcare,AZN,25.43279173777778
344,2018-03-31,30.18321203,4096800.0,1.19,25.05882353,8.87,6.57,0.92,13.15,0.8,10.12,0.62,46.71,2.81,19.27,4.73,-21.37,-12.91,16.38,16.64,3.0,4582.0,16642.0,5777.0,4552.0,686.0,1793.0,1301.0,0.51,3.361894025,4.538812785,32.41304348,63.35,Healthcare,AZN,39.507209774888885
345,2018-06-30,31.80203479515625,4010000.0,1.11,27.82882883,8.78,5.76,0.86,13.18,0.73,9.9,0.55,48.71,3.34,18.07,4.38,-23.11,-12.21,18.16,14.57,2.8,3892.0,14573.0,5178.0,4044.0,696.0,1405.0,340.0,0.14,3.518223235,5.362847222,35.91860465,63.28,Healthcare,AZN,93.44112360188889
346,2018-09-30,33.65859028634921,3455400.0,1.06,29.26415094,8.82,5.64,0.77,12.45,0.72,9.33,0.54,47.07,3.3,17.57,4.24,-22.33,-11.85,17.2,14.27,2.68,3810.0,14272.0,5155.0,4143.0,763.0,1447.0,350.0,0.14,3.517006803,5.5,40.28571429,61.34,Healthcare,AZN,20.61799328288889
347,2018-12-31,34.9189359268254,3605128.5714285714,0.96,36.82291667,8.47,5.64,0.09,13.11,0.86,10.08,0.66,47.91,3.54,16.41,3.88,-22.61,-10.83,15.25,13.54,2.42,4262.0,13537.0,5340.0,4187.0,851.0,1549.0,431.0,0.17,4.173553719,5.5,392.7777778,61.44,Healthcare,AZN,90.27433399600001
348,2019-03-31,35.55890505459016,3241100.0,0.85,39.91764706,8.72,5.54,0.63,15.59,0.96,12.7,0.78,46.61,3.32,15.28,3.49,-19.62,-9.83,16.29,14.04,2.16,5938.0,14044.0,6417.0,4780.0,1077.0,2739.0,1034.0,0.41,3.891055046,6.124548736,53.85714286,60.65,Healthcare,AZN,28.421193143333333
349,2019-06-30,35.866108183015875,34782300.0,0.96,38.48958333,8.84,5.54,0.55,13.65,0.75,10.6,0.58,49.03,4.08,17.88,3.94,-22.5,-11.06,18.26,12.03,2.41,5192.0,12029.0,5491.0,4362.0,1097.0,1773.0,593.0,0.24,4.179864253,6.124548736,67.18181818,61.06,Healthcare,AZN,26.830040716666662
350,2019-09-30,39.9049553275,2304717.1875,0.87,43.36781609,9.02,5.54,0.87,15.22,0.95,12.02,0.75,46.82,3.11,16.01,3.57,-18.85,-10.47,16.03,15.07,2.19,6457.0,15071.0,5823.0,4760.0,493.0,1220.0,130.0,0.05,4.182926829,6.124548736,43.36781609,61.89,Healthcare,AZN,26.216498794444444
351,2019-12-31,43.510240196875,2294200.0,0.82,50.18292683,9.36,5.54,1.12,13.52,0.92,10.39,0.7,45.24,3.31,15.0,3.39,-19.38,-10.23,14.78,13.67,2.06,4789.0,13669.0,6406.0,5055.0,757.0,1473.0,299.0,0.12,4.396367521,6.124548736,36.74107143,58.91,Healthcare,AZN,26.898440008888894
352,2020-03-31,43.82229122064516,2041353.2258064516,0.53,86.8490566,9.39,5.56,0.78,15.56,0.86,12.37,0.68,46.78,3.21,9.65,2.2,-17.91,-6.79,18.12,14.6,1.34,6254.0,14596.0,6664.0,5286.0,577.0,2220.0,313.0,0.12,4.902023429,8.278776978,59.01282051,61.38,Healthcare,AZN,30.36756863
353,2020-06-30,48.70321982222222,6946561.904761905,0.59,71.3559322,9.64,5.56,0.97,12.82,0.75,9.7,0.57,45.0,3.68,10.96,2.54,-19.07,-8.09,17.04,12.22,1.52,4226.0,12216.0,6354.0,4934.0,1220.0,2061.0,780.0,0.3,4.367219917,8.278776978,43.40206186000001,57.21,Healthcare,AZN,31.277149351444436
354,2020-09-30,52.6721927528125,4520751.5625,0.83,60.07228916,9.81,5.56,1.08,14.93,0.82,11.37,0.63,46.27,3.39,15.87,3.62,-17.72,-11.6,18.18,13.66,2.15,6115.0,13658.0,6275.0,5291.0,1284.0,1994.0,756.0,0.29,5.082568807,8.278776978,46.16666667,59.93,Healthcare,AZN,-33.747826423333336
355,2020-12-31,50.34794276953125,4336431.25,0.96,54.23958333,9.88,5.56,1.35,18.17,0.96,14.48,0.77,50.49,3.71,18.47,4.12,-18.71,-13.61,18.94,13.62,2.5,8483.0,13618.0,6578.0,5208.0,1171.0,1972.0,648.0,0.25,5.270242915,8.278776978,38.57037037,64.11,Healthcare,AZN,-28.699564292222224
356,2021-03-31,48.1552083995082,14230013.114754098,1.23,38.61788618,10.14,5.96,1.5,19.54,0.96,15.52,0.76,51.09,3.27,23.19,5.16,-17.15,-17.6,20.31,15.64,3.2,8134.0,15638.0,7410.0,5885.0,1487.0,2284.0,1012.0,0.39,4.684418146,7.969798658,31.666666670000005,66.73,Healthcare,AZN,27.22789220444444
357,2021-06-30,53.16000559952381,7046426.984126984,1.52,31.69078947,10.49,5.96,2.17,18.74,0.87,14.46,0.67,50.48,3.49,27.73,6.22,-17.67,-22.33,21.51,14.45,3.98,7829.0,14446.0,7320.0,5456.0,1895.0,2692.0,1561.0,0.6,4.591992373999999,7.969798658,22.19815668,64.93,Healthcare,AZN,24.01115095
358,2021-09-30,56.6503171921875,4727939.0625,1.44,40.29861111,11.22,5.96,2.05,27.27,1.23,22.51,1.01,57.95,3.69,25.4,5.6,-16.11,-21.66,22.22,15.69,3.77,15670.0,15693.0,8220.0,6029.0,1127.0,1880.0,550.0,0.21,5.17201426,7.969798658,28.30731707,73.64,Healthcare,AZN,23.874567096666667
359,2021-12-31,57.4693708421875,8448754.6875,0.64,91.625,12.01,5.96,1.83,26.69,1.13,16.16,0.68,67.31,1.69,6.87,1.88,-24.27,-7.82,23.65,39.91,1.47,7209.0,39912.0,9866.0,6109.0,-1674.0,1114.0,-1652.0,-0.55,4.882597835,7.969798658,32.04371585,107.22,Healthcare,AZN,28.806642503333332
360,2022-03-31,58.99266765919355,2258216.129032258,0.14,406.2142857,13.4,5.96,1.71,26.24,1.16,17.26,0.76,66.08,1.68,0.41,0.13,-23.1,-0.55,22.59,39.29,0.11,6481.0,39287.0,12011.0,7386.0,-292.0,1900.0,-347.0,-0.22,4.244029851,7.969798658,33.25730994,105.36,Healthcare,AZN,68.88091396888889
361,2022-06-30,65.13763171377049,6803700.0,-0.32,-205.84375,14.27,5.96,2.03,22.65,1.0,15.02,0.66,63.91,1.76,-3.24,-1.1,-24.87,4.81,22.74,36.36,-1.06,5877.0,36359.0,11390.0,7879.0,878.0,2187.0,386.0,0.13,4.615977575,7.969798658,32.44827586,100.27,Healthcare,AZN,-0.5830009466666672
362,2009-03-31,16.65900612,21521259.0,3.762633487,5.48774349,19.00511137,11.64,3.505443099,18.01,1.53,14.85,1.26,27.45,1.53,28.69037533,12.25350682,6.188370328,0.0,11.77,17.98,5.897670653,7188.480844,19967.10352,7518.894236,4357.144908,1584.627904,2128.297505,1310.045603,0.851957457,1.05930062,1.341567308,4.972764736,51.91109383,Healthcare,ABT,7.177199014624999
363,2009-06-30,15.681675713809524,21236222.777777776,3.762633487,5.48774349,19.00511137,11.64,3.505443099,18.01,1.53,14.85,1.26,27.45,1.53,28.69037533,12.25350682,6.188370328,0.0,11.77,17.98,5.897670653,7188.480844,19967.10352,7518.894236,4357.144908,1584.627904,2128.297505,1310.045603,0.851957457,1.05930062,1.341567308,4.972764736,51.91109383,Healthcare,ABT,7.177199014624999
364,2009-09-30,16.2268346553125,14210351.34375,3.757233398,5.53402986,19.14790746,12.89,3.512485229,19.63,1.63,16.11,1.34,27.71,1.39,28.71685526,12.19864125,4.205020414,0.0,12.04,19.92,5.881541996,6888.0,19920.0,7495.0,4366.0,1671.0,2209.0,1288.0,0.83,1.052357679,1.371938247,5.044272847,51.97204166,Healthcare,ABT,7.1190626025000014
365,2009-12-31,18.80757766984375,24474768.265625,3.70631257,5.404232857,19.3929369,13.82,3.655181817,21.42,1.71,17.99,1.44,28.47,1.33,28.07968715,11.93435727,4.400530835,0.0,12.53,21.38,5.802318867,8695.0,21375.0,7761.0,4401.0,1640.0,2180.0,1480.0,0.95,1.028056851,1.356070356,5.179283762,51.98683611,Healthcare,ABT,7.2007514998749995
366,2010-03-31,19.592632700655738,7819279.24590164,3.68,5.557065217,19.8,14.95,3.98,23.31,1.79,20.05,1.54,29.39,1.27,27.87,11.76,3.7,267.47,13.05,23.19,5.75,9932.0,23187.0,8790.0,5006.0,1864.0,2411.0,1539.0,0.99,1.032828283,1.367892977,5.138190955,52.58,Healthcare,ABT,7.071211982124999
367,2010-06-30,17.911834141746034,27820600.111111112,3.4,5.888235294,20.42,13.61,4.51,17.69,1.17,14.28,0.94,32.35,1.54,24.84,10.44,-4.66,579.54,15.18,21.01,5.31,1822.0,21012.0,7698.0,4363.0,1470.0,2033.0,1003.0,0.64,0.980411361,1.470977223,4.43902439,53.36,Healthcare,ABT,7.333415035500001
368,2010-09-30,18.31210231765625,17287251.421875,3.4,5.25,21.27,12.95,4.91,19.92,1.36,16.75,1.14,33.39,1.67,24.84,10.16,-4.49,-839.83,14.69,20.0,5.31,4373.0,19995.0,8826.0,5282.0,1606.0,2281.0,1292.0,0.83,0.839210155,1.378378378,3.635437882,53.38,Healthcare,ABT,6.972681290875
369,2010-12-31,18.3741353146875,11247310.5,3.02,6.629139073,21.85,13.9,4.68,19.45,1.25,16.14,1.04,35.89,1.67,22.06,8.72,-6.97,-152.11,15.58,21.48,4.73,3850.0,21483.0,8675.0,4933.0,1181.0,1858.0,891.0,0.57,0.91624714,1.44028777,4.277777778,57.37,Healthcare,ABT,8.131461175624999
370,2011-03-31,17.691835404032258,9567313.112903226,2.96,6.22972973,22.61,14.72,4.96,22.32,1.29,19.13,1.11,37.81,1.66,21.71,8.24,-5.32,-86.34,17.26,22.77,4.63,5451.0,22765.0,9968.0,5923.0,1830.0,2540.0,1441.0,0.92,0.815568333,1.252717391,3.717741935,60.57,Healthcare,ABT,18.160657246125005
371,2011-06-30,19.5754488984127,19416056.333333332,2.87,6.606271777,23.48,15.9,5.18,23.65,1.37,20.25,1.18,36.93,1.49,20.18,7.71,-4.12,-85.92,17.23,24.72,4.49,6502.0,24720.0,9041.0,5182.0,1301.0,2047.0,864.0,0.55,0.807495741,1.19245283,3.66023166,61.65,Healthcare,ABT,13.818133985125
372,2011-09-30,19.50421679046875,11357209.40625,3.27,6.247706422,23.93,17.01,5.2,24.13,1.52,20.66,1.3,35.54,1.34,21.54,8.51,-2.03,-111.53,15.84,26.47,5.14,8893.0,26470.0,9616.0,5746.0,1773.0,2585.0,1943.0,1.23,0.853740075,1.201058201,3.928846154,62.0,Healthcare,ABT,11.307551287625
373,2011-12-31,20.616936153809526,15518133.0,2.89,6.899653979,24.61,15.85,5.35,23.09,1.5,19.83,1.29,34.94,1.42,18.45,7.47,-2.34,-131.96,15.41,24.69,4.55,7977.0,24689.0,9817.0,5843.0,595.0,1433.0,303.0,0.19,0.81023974,1.258044164,3.727102804,59.63,Healthcare,ABT,9.203596208375
374,2012-03-31,22.04363176935484,8582326.0,2.99,7.364548495,24.78,15.62,4.74,23.77,1.54,20.49,1.32,35.75,1.46,18.84,7.77,-1.17,-196.08,15.48,24.53,4.73,8097.0,24526.0,10377.0,6539.0,2082.0,2731.0,1619.0,1.02,0.8886198549999998,1.409731114,4.64556962,60.28,Healthcare,ABT,9.954576750125
375,2012-06-30,24.081498705714285,18351813.0,3.22,7.48757764,22.3,16.23,4.82,25.6,1.53,22.05,1.31,36.87,1.44,20.18,8.36,-0.15,-359.46,16.79,25.54,5.11,9527.0,25543.0,5284.0,2925.0,509.0,1252.0,1242.0,0.78,1.081165919,1.485520641,5.002074689,62.42,Healthcare,ABT,10.06215656775
376,2012-09-30,26.16432740936508,26008128.0,3.07,8.293159609,19.51,15.66,4.5,26.26,1.53,22.74,1.33,37.29,1.52,19.69,8.01,0.23,-571.14,17.12,24.57,4.89,11002.0,24572.0,5313.0,2943.0,564.0,1256.0,1725.0,1.08,1.304971809,1.625798212,5.657777778,61.86,Healthcare,ABT,10.944599655875
377,2012-12-31,26.197519855483872,25014888.30645161,4.09,6.645476773,16.55,17.15,4.71,27.26,1.67,23.45,1.44,36.15,1.33,25.67,10.54,2.44,1938.83,16.29,27.1,6.53,11505.0,27104.0,5265.0,2776.0,310.0,1070.0,1943.0,1.21,1.642296073,1.58483965,5.770700637,63.26,Healthcare,ABT,12.893316887874999
378,2013-03-31,28.139378834166667,11238850.0,3.73,6.986595174,11.97,17.01,4.72,31.32,2.36,27.530000000000005,2.07,40.42,1.51,22.93,9.359999999999998,2.45,480.21,13.28,26.81,5.96,15174.0,26813.0,3188.0,1507.0,-23.0,564.0,1053.0,0.65,2.17710944,1.532039976,5.521186441,67.24,Healthcare,ABT,12.003429725777778
379,2013-06-30,30.577908725,11468200.0,3.29,8.924012158,12.04,14.55,3.73,19.1,1.84,16.39,1.58,20.0,0.88,20.82,8.96,7.2,170.94,10.41,22.68,5.27,8517.0,22683.0,5378.0,2946.0,615.0,1036.0,544.0,0.34,2.438538206,2.017869416,7.871313673,42.69,Healthcare,ABT,14.680947031777777
380,2013-09-30,29.36936742078125,20222768.75,2.51,11.59760956,12.15,14.43,2.96,19.83,1.82,17.11,1.57,20.48,0.91,16.22,7.43,7.43,82.32,10.92,22.43,4.02,9394.0,22428.0,5446.0,2901.0,627.0,1063.0,476.0,0.3,2.395884774,2.017325017,9.834459459,42.9,Healthcare,ABT,15.22364472922222
381,2013-12-31,30.98708155765625,11686317.1875,1.91,14.55497382,11.93,15.38,1.25,19.75,1.74,16.95,1.5,20.35,0.86,12.7,6.17,8.14,48.21,11.33,23.79,3.04,8605.0,23788.0,4825.0,2570.0,473.0,909.0,966.0,0.61,2.330259849,1.807542263,22.24,44.13,Healthcare,ABT,13.990938475222224
382,2014-03-31,32.57788467426229,3133563.9344262294,1.62,19.90123457,12.47,16.32,1.38,19.25,2.03,16.55,1.74,17.69,0.7,10.94,5.97,9.76,31.68,9.51,25.27,2.58,8098.0,25267.0,4008.0,2047.0,418.0,844.0,590.0,0.37,2.585404972,1.975490196,23.36231884,42.95,Healthcare,ABT,17.09298183122222
383,2014-06-30,33.381918104444445,6286025.396825396,1.52,21.43421053,12.15,15.64,1.32,17.93,1.76,15.16,1.49,18.17,0.77,10.14,5.61,8.1,28.81,10.19,23.49,2.41,7047.0,23489.0,4755.0,2481.0,365.0,763.0,375.0,0.24,2.681481481,2.083120205,24.68181818,41.66,Healthcare,ABT,18.582123174555555
384,2014-09-30,36.16189730203125,8377304.6875,1.52,22.90131579,12.03,15.76,1.47,18.26,1.85,15.44,1.57,17.77,0.75,9.96,5.63,8.53,27.78,9.85,23.7,2.4,7062.0,23704.0,5057.0,2769.0,677.0,1077.0,466.0,0.3,2.893599335,2.208756345,23.68027211,41.48,Healthcare,ABT,20.00234701666667
385,2014-12-31,37.43397492203125,4850932.8125,1.27,28.01574803,12.29,15.27,1.92,16.46,1.52,13.77,1.27,19.52,0.85,8.25,4.67,6.85,23.7,10.82,22.99,1.97,4877.0,22993.0,5079.0,2760.0,728.0,1083.0,538.0,0.36,2.895036615,2.330058939,18.53125,42.51,Healthcare,ABT,24.95502443333333
386,2015-03-31,39.67278208491803,2950675.4098360655,1.49,25.986577180000005,13.26,14.35,1.7,13.56,1.3,10.91,1.04,19.57,0.9,9.95,5.48,5.37,31.67,10.47,21.64,2.28,4460.0,21639.0,5356.0,3019.0,829.0,1224.0,905.0,0.59,2.920060332,2.69825784,22.77647059,41.21,Healthcare,ABT,26.619890545555556
387,2015-06-30,41.693223983809524,3005249.206349206,2.76,14.51449275,13.41,14.77,1.5,19.99,2.17,17.36,1.89,21.11,0.96,18.6,9.99,6.15,62.46,9.21,21.99,4.2,9849.0,21988.0,4897.0,2816.0,610.0,981.0,2292.0,1.51,2.987322893,2.71225457,26.70666667,43.1,Healthcare,ABT,25.44821354111111
388,2015-09-30,41.132735431406246,5472475.0,2.98,14.31543624,13.52,15.52,1.55,21.13,2.3,18.4,2.0,21.0,0.91,20.14,10.57,7.45,70.0,9.19,23.13,4.52,11177.0,23126.0,5170.0,2952.0,729.0,1081.0,784.0,0.52,3.155325444,2.74871134,27.52258065,44.13,Healthcare,ABT,26.86753019555556
389,2015-12-31,38.742197275625,12172257.8125,3.0,11.71,13.6,14.22,1.47,15.89,1.82,13.26,1.52,20.51,0.97,20.74,10.72,5.63,74.17,8.76,21.22,4.56,6139.0,21219.0,5150.0,2908.0,713.0,1096.0,580.0,0.38,2.583088235,2.470464135,23.89795918,41.73,Healthcare,ABT,22.871477384444447
390,2016-03-31,34.98213977442623,4887754.098360656,2.92,13.51027397,13.53,14.48,1.23,14.16,1.54,11.56,1.26,19.92,0.93,20.18,10.4,6.13,69.79,9.19,21.33,4.42,6125.0,21326.0,5188.0,2982.0,815.0,1181.0,767.0,0.51,2.915742794,2.724447514,32.07317073,41.25,Healthcare,ABT,24.221788491111113
391,2016-06-30,35.35757523828125,3510085.9375,1.62,22.82716049,13.6,14.19,1.16,12.41,1.48,9.62,1.15,18.8,0.9,11.31,5.87,5.61,39.46,8.39,20.84,2.45,3957.0,20842.0,4885.0,2745.0,524.0,871.0,316.0,0.21,2.719117647,2.606060606,31.87931034,39.64,Healthcare,ABT,22.489345044444445
392,2016-09-30,38.30289202953125,8341800.0,1.51,23.15231788,13.76,14.15,1.13,12.99,1.5,10.18,1.17,19.04,0.92,10.82,5.61,5.73,39.46,8.67,20.8,2.28,4438.0,20795.0,5333.0,3046.0,816.0,1163.0,615.0,0.41,2.540697674,2.470671378,30.9380531,39.83,Healthcare,ABT,23.61722938111111
393,2016-12-31,35.66654120523809,6785700.0,0.91,41.59340659,13.93,14.19,1.22,12.98,1.56,10.37,1.25,18.6,0.89,6.53,3.42,8.41,21.16,8.32,20.9,1.37,4507.0,20896.0,5302.0,3017.0,897.0,1237.0,-329.0,-0.22,2.717157215,2.667371388,31.02459016,39.5,Healthcare,ABT,24.464913686666666
394,2017-03-31,39.145886882096775,10348277.41935484,0.93,37.19354839,14.08,14.07,1.4,26.78,4.02,24.34,3.66,31.95,1.54,6.73,3.26,8.5,19.83,6.66,20.72,1.4,18775.0,20717.0,5333.0,2951.0,789.0,1273.0,798.0,0.54,2.456676136,2.458422175,24.70714286,52.67,Healthcare,ABT,21.500880257777776
395,2017-06-30,41.23769766126984,4437582.53968254,0.96,41.92708333,14.44,18.18,1.8,19.33,2.91,15.33,2.31,39.34,1.25,6.4,2.96,-9.21,44.78,6.65,31.55,1.5,8860.0,31547.0,6335.0,3273.0,-242.0,924.0,419.0,0.24,2.787396122,2.213971397,22.36111111,70.89,Healthcare,ABT,24.10329047333333
396,2017-09-30,45.964593069682536,6048500.0,0.71,62.43661972,14.63,18.3,1.98,19.98,2.94,16.38,2.41,39.36,1.24,4.46,2.0,-9.0,-359.48,6.8,31.79,1.17,9835.0,31788.0,6637.0,3448.0,386.0,1464.0,283.0,0.16,3.030075188,2.422404372,22.38888889,71.15,Healthcare,ABT,25.692912138888893
397,2017-12-31,51.01219589,8459000.0,1.27,38.52755906,14.94,18.51,2.36,21.38,2.69,17.89,2.26,40.03,1.24,7.23,3.15,-8.43,-46.38,7.94,32.22,2.1,11199.0,32218.0,6829.0,3953.0,769.0,1543.0,603.0,0.34,3.275100402,2.643435981,20.73305085,72.25,Healthcare,ABT,25.43279173777778
398,2018-03-31,55.73342238852459,3995200.0,0.26,202.2307692,15.68,17.84,2.54,20.15,2.26,16.55,1.86,45.15,1.45,1.51,0.66,-14.4,-4.65,8.91,31.1,0.48,9610.0,31098.0,7589.0,4307.0,651.0,1566.0,-828.0,-0.47,3.353316327,2.947309417,20.7007874,76.25,Healthcare,ABT,39.507209774888885
399,2018-06-30,56.34363472484375,6656600.0,0.25,221.88,16.21,18.02,2.83,14.96,1.66,11.14,1.24,39.31,1.24,1.5,0.66,-13.57,-4.2,9.01,31.6,0.48,4042.0,31601.0,7390.0,4323.0,608.0,1492.0,418.0,0.23,3.421961752,3.078246393,19.60070671,70.91,Healthcare,ABT,93.44112360188889
400,2018-09-30,61.301088786984124,5807300.0,0.5,113.46,16.81,17.54,2.74,14.12,1.58,10.41,1.16,37.64,1.22,2.95,1.29,-13.02,-7.5,8.95,30.77,0.93,3264.0,30774.0,7767.0,4485.0,882.0,1732.0,733.0,0.41,3.374776919,3.234321551,20.70437956,68.42,Healthcare,ABT,20.61799328288889
401,2018-12-31,65.87767749412698,6566346.031746032,0.48,142.7916667,17.24,17.59,2.78,18.2,1.42,14.42,1.13,40.74,1.32,2.85,1.23,-12.0,-6.69,12.78,30.9,0.89,7550.0,30898.0,7656.0,4490.0,995.0,1808.0,563.0,0.32,3.975638051,3.896532121,24.65467626,71.64,Healthcare,ABT,90.27433399600001
402,2019-03-31,70.06990664131148,6209600.0,1.33,51.01503759,17.29,17.5,2.77,14.63,1.62,10.84,1.2,36.45,1.19,7.64,3.41,-11.47,-18.92,9.01,30.72,2.37,4086.0,30722.0,7765.0,4574.0,1165.0,1928.0,654.0,0.37,3.924233661,3.877142857,24.49458484,67.17,Healthcare,ABT,28.421193143333333
403,2019-06-30,74.4342969868254,5891200.0,1.48,50.90540541,17.34,17.65,2.51,14.41,1.58,10.32,1.13,36.48,1.17,8.49,3.82,-10.55,-22.29,9.11,31.13,2.62,3261.0,31129.0,7535.0,4375.0,739.0,1492.0,672.0,0.38,4.344867359,4.268555241,30.01593625,67.61,Healthcare,ABT,26.830040716666662
404,2019-09-30,80.65633237296875,16232948.4375,1.63,48.82822086,17.43,18.05,2.31,15.2,1.68,10.84,1.2,36.53,1.15,9.29,4.21,-9.53,-26.59,9.06,31.89,2.9,3376.0,31894.0,7979.0,4700.0,1206.0,1957.0,1006.0,0.56,4.56626506,4.409418283,34.45454545,68.43,Healthcare,ABT,26.216498794444444
405,2019-12-31,79.82066428625,3385810.9375,1.84,43.19565217,17.63,18.11,2.15,16.12,1.54,11.73,1.12,36.52,1.14,10.47,4.85,-8.49,-32.88,10.49,32.02,3.29,4335.0,32019.0,8076.0,4718.0,1198.0,1952.0,960.0,0.53,4.508224617,4.388735505,36.96744186,68.54,Healthcare,ABT,26.898440008888894
406,2020-03-31,79.85214990209677,3429230.64516129,2.06,40.21359223,17.91,17.76,2.53,15.67,1.44,11.35,1.05,36.59,1.17,11.67,5.41,-8.92,-39.34,10.86,31.3,3.69,4140.0,31301.0,8314.0,4880.0,1389.0,2145.0,1049.0,0.59,4.625348967,4.664414414,32.743083,67.89,Healthcare,ABT,30.36756863
407,2020-06-30,86.86651684031746,46859709.52380952,1.99,37.9798995,18.01,17.2,2.51,15.5,1.43,10.93,1.01,36.35,1.2,11.39,5.27,-8.77,-40.1,10.81,30.43,3.58,3668.0,30427.0,7726.0,4445.0,758.0,1586.0,564.0,0.31,4.196557468,4.394186047,30.11155378,66.78,Healthcare,ABT,31.277149351444436
408,2020-09-30,97.88774048953125,4666096.875,1.73,50.82080925,17.64,17.39,2.56,17.22,1.57,12.02,1.1,37.98,1.23,9.99,4.57,-8.07,-36.33,10.96,30.8,3.11,5037.0,30798.0,7328.0,4065.0,672.0,1497.0,537.0,0.3,4.984126984,5.055779183,34.34375,68.78,Healthcare,ABT,-33.747826423333336
409,2020-12-31,105.22746634375,4432292.1875,1.89,55.58201058,18.06,17.83,2.57,17.39,1.7,12.24,1.19,37.45,1.19,10.9,4.96,-6.95,-41.37,10.26,31.6,3.38,4731.0,31595.0,8853.0,4887.0,1495.0,2303.0,1232.0,0.69,5.816722038,5.891755468,40.87548638,69.04,Healthcare,ABT,-28.699564292222224
410,2021-03-31,115.15650001967214,2459055.7377049183,2.5,42.416,19.39,18.63,3.2,20.44,1.72,15.43,1.3,39.55,1.2,14.29,6.49,-5.53,-61.35,11.91,33.0,4.5,7148.0,33003.0,10701.0,6208.0,2432.0,3298.0,2162.0,1.2,5.46879835,5.691894793,33.1375,72.55,Healthcare,ABT,27.22789220444444
411,2021-06-30,113.7240035063492,5103539.682539683,3.19,36.53291536,20.89,19.02,4.26,21.82,1.75,16.43,1.32,39.0,1.15,17.72,8.09,-3.78,-94.14,12.46,33.79,5.72,8372.0,33788.0,10456.0,6055.0,2109.0,3043.0,1793.0,1.0,5.578745811,6.12723449,27.35680751,72.79,Healthcare,ABT,24.01115095
412,2021-09-30,120.29333734375,8093342.1875,3.55,31.87605634,22.48,19.19,4.83,22.63,1.79,17.19,1.36,39.24,1.15,19.26,8.87,-3.14,-131.53,12.61,34.03,6.38,8944.0,34029.0,10223.0,5276.0,1392.0,2266.0,1189.0,0.66,5.033807829,5.896821261,23.42857143,73.27,Healthcare,ABT,23.874567096666667
413,2021-12-31,125.8235034921875,4484703.125,4.03,28.72208437,23.64,19.59,5.21,23.49,1.83,18.23,1.42,39.16,1.13,21.39,9.91,-1.97,-201.05,12.87,34.64,7.24,9692.0,34638.0,10928.0,6505.0,2546.0,3393.0,2100.0,1.17,4.896362098,5.90862685,22.2168906,73.8,Healthcare,ABT,28.806642503333332
414,2022-03-31,122.29482970645162,2829353.2258064514,3.94,35.13451777,24.06,20.42,4.83,24.24,1.85,19.08,1.46,39.17,1.09,20.42,9.59,0.05,-320.21,13.11,36.02,7.07,10249.0,36024.0,11468.0,6702.0,2378.0,3261.0,1989.0,1.11,5.753532835,6.7791381,28.66045549,75.2,Healthcare,ABT,68.88091396888889
415,2022-06-30,112.54929339836065,4064800.0,4.31,27.10904872,24.92,20.35,4.57,23.43,1.85,17.74,1.4,38.38,1.08,22.02,10.43,0.23,-639.62,12.65,35.63,7.73,8158.0,35629.0,11895.0,6908.0,2912.0,3735.0,2447.0,1.37,4.688603531,5.741523342,25.56673961,74.01,Healthcare,ABT,-0.5830009466666672
416,2009-03-31,13.73560715,24487600.0,5.315267051,3.156944542,8.252893766,6.64,1.884284057,15.38,2.32,13.64,2.06,16.56,1.26,75.92118655,34.8940636,6.919826309,151.2033959,6.63,13.13,10.58925635,9123.662821,13897.97995,4674.178711,3403.63872,1364.612102,1548.447247,3284.735098,1.506290814,1.783102837,1.950160122,8.397859309,31.0467136,Healthcare,BMY,7.177199014624999
417,2009-06-30,12.790969152857143,13724146.031746032,5.315267051,3.156944542,8.252893766000001,6.64,1.884284057,15.38,2.32,13.64,2.06,16.56,1.26,75.92118655,34.8940636,6.919826309,151.2033959,6.63,13.13,10.58925635,9123.662821,13897.97995,4674.178711,3403.63872,1364.612102,1548.447247,3284.735098,1.506290814,1.783102837,1.950160122,8.397859309,31.0467136,Healthcare,BMY,7.177199014624999
418,2009-09-30,13.914621428125,14462150.0,5.327001971,3.127571617,8.582559891,7.05,1.884513789,14.57,2.16,12.79,1.9,15.87,1.14,75.87721048,34.89234281,6.883347752,151.6947742,6.74,13.94,10.60258199,8120.0,13936.0,4665.0,3440.0,1419.0,1596.0,983.0,0.49,1.770690249,1.943316864,8.343940721,31.06048223,Healthcare,BMY,7.1190626025000014
419,2009-12-31,15.64963677546875,14846432.8125,5.342100515,3.062272266,8.976645133,7.27,1.946990789,13.39,1.81,11.56,1.56,16.58,1.15,75.69268736,34.91257933,6.804149272,149.4533308,7.39,14.37,10.60546023,6669.0,14371.0,4788.0,3471.0,1477.0,1658.0,966.0,0.48,1.801292337,1.959929285,8.192469022,30.98635519,Healthcare,BMY,7.2007514998749995
420,2010-03-31,16.637189834590163,9584686.885245902,5.35,3.1233644860000003,9.49,8.65,1.97,13.96,2.21,12.55,1.99,16.22,1.1,75.37,34.89,6.7,150.77,6.31,14.79,10.59,8514.0,14785.0,5033.0,3600.0,1252.0,1434.0,8007.0,4.05,1.760800843,1.931791908,8.482233503,31.01,Healthcare,BMY,7.071211982124999
421,2010-06-30,16.58946178047619,15542226.984126983,5.46,3.274725275,10.1,8.88,2.0,12.53,2.08,11.25,1.87,15.52,1.02,73.38,34.93,7.2,152.23,6.02,15.23,10.7,6776.0,15233.0,4807.0,3501.0,1366.0,1553.0,743.0,0.43,1.77029703,2.013513514,8.94,30.75,Healthcare,BMY,7.333415035500001
422,2010-09-30,17.77514207328125,22069985.9375,5.5,3.076363636,10.5,9.11,2.24,12.98,2.2,11.72,1.98,15.48,0.99,71.0,34.4,7.59,153.87,5.91,15.57,10.64,7454.0,15574.0,4768.0,3491.0,1531.0,1722.0,927.0,0.53,1.611428571,1.857299671,7.553571429,31.05,Healthcare,BMY,6.972681290875
423,2010-12-31,18.20783072765625,10108339.0625,5.57,3.341113106,10.87,9.29,2.37,14.38,2.29,13.01,2.07,16.03,1.01,69.17,34.09,7.92,144.49,6.28,15.86,10.63,8359.0,15857.0,4798.0,3518.0,1581.0,1749.0,949.0,0.55,1.712051518,2.003229279,7.852320675,31.89,Healthcare,BMY,8.131461175624999
424,2011-03-31,18.014218299193548,4968475.806451613,1.79,10.15083799,11.29,9.2,2.36,13.27,1.97,12.07,1.79,15.44,0.99,19.84,9.91,7.04,41.55,6.74,15.64,3.09,7301.0,15638.0,5111.0,3697.0,1593.0,1654.0,471.0,0.28,1.60938884,1.975,7.699152542,31.08,Healthcare,BMY,18.160657246125005
425,2011-06-30,19.78198862857143,18969653.968253966,1.93,9.637305699,11.42,9.35,2.4,13.3,1.97,11.97,1.77,14.95,0.94,21.16,10.67,7.37,44.54,6.76,15.9,3.33,6793.0,15901.0,5011.0,3668.0,1729.0,1919.0,984.0,0.57,1.628721541,1.989304813,7.75,30.85,Healthcare,BMY,13.818133985125
426,2011-09-30,20.7536668478125,11300395.3125,1.92,10.734375,11.82,9.5,2.48,14.78,1.99,13.28,1.79,15.69,0.97,20.8,10.52,7.69,44.03,7.41,16.15,3.3,7670.0,16145.0,5434.0,3953.0,1768.0,1974.0,900.0,0.52,1.743654822,2.169473684,8.310483871,31.83,Healthcare,BMY,11.307551287625
427,2011-12-31,23.43167317095238,16176300.0,1.93,11.57512953,12.16,9.73,2.71,14.87,2.03,13.51,1.85,15.58,0.95,20.72,10.56,7.68,44.64,7.31,16.44,3.32,8193.0,16436.0,5345.0,3938.0,1767.0,1853.0,967.0,0.56,1.837171053,2.295991778,8.243542435,32.01,Healthcare,BMY,9.203596208375
428,2012-03-31,23.924009477580643,5149500.0,2.15,11.78604651,12.37,9.42,2.61,15.32,1.97,13.93,1.79,17.1,1.08,23.01,11.6,7.16,49.52,7.78,15.87,3.7,8733.0,15867.0,5454.0,4087.0,1717.0,1863.0,850.0,0.51,2.048504446,2.690021231,9.708812261,32.97,Healthcare,BMY,9.954576750125
429,2012-06-30,24.717701624603176,7843700.0,2.22,11.04054054,12.53,9.65,2.52,11.77,1.63,10.3,1.43,16.16,1.0,23.61,11.82,4.63,56.24,7.21,16.25,3.82,5029.0,16246.0,5251.0,3948.0,2027.0,2166.0,1101.0,0.64,1.956105347,2.539896373,9.726190475999998,32.41,Healthcare,BMY,10.06215656775
430,2012-09-30,24.95233578253968,11189900.0,2.08,12.67788462,11.98,9.47,2.46,11.01,1.58,9.49,1.36,15.86,1.0,22.14,11.04,4.44,59.61,6.99,15.81,3.56,5037.0,15812.0,4443.0,3198.0,1059.0,1207.0,645.0,0.38,2.201168614,2.784582893,10.7195122,31.67,Healthcare,BMY,10.944599655875
431,2012-12-31,24.623066994032257,20739269.35483871,1.09,22.9266055,11.11,8.47,4.19,9.28,1.13,7.58,0.93,22.14,1.59,12.2,5.67,-2.82,56.2,8.2,13.9,1.89,2930.0,13900.0,3736.0,2749.0,571.0,766.0,-711.0,-0.43,2.249324932,2.950413223,5.964200477,36.04,Healthcare,BMY,12.893316887874999
432,2013-03-31,27.767645201166665,6481700.0,1.15,21.2,10.42,8.37,3.79,9.52,1.15,7.86,0.95,22.26,1.63,13.15,5.76,-2.78,224.85,8.28,13.640000000000002,1.96,2829.0,13638.0,4191.0,3116.0,513.0,1004.0,924.0,0.57,2.339731286,2.912783751,6.432717678,35.9,Healthcare,BMY,12.003429725777778
433,2013-06-30,33.125306874375,10885800.0,0.88,35.38636364,9.65,8.38,3.3,10.08,1.2,8.29,0.99,22.26,1.63,10.29,4.2,-2.52,-160.2,8.41,13.7,1.47,2533.0,13699.0,3831.0,2768.0,674.0,887.0,609.0,0.37,3.226943005,3.715990453,9.436363636,35.96,Healthcare,BMY,14.680947031777777
434,2013-09-30,33.76070877921875,16196912.5,0.82,41.56097561,9.48,8.77,3.56,10.49,1.26,8.7,1.04,21.88,1.52,9.77,3.77,-1.64,-55.71,8.35,14.37,1.36,2799.0,14373.0,4048.0,2940.0,530.0,719.0,536.0,0.32,3.594936709,3.885974914,9.573033708,36.25,Healthcare,BMY,15.22364472922222
435,2013-12-31,39.4756574034375,8447739.0625,1.67,21.2994012,9.68,8.98,1.43,10.63,1.28,8.99,1.09,22.09,1.5,19.57,7.62,-1.11,-137.31,8.28,14.71,2.76,2722.0,14714.0,4065.0,2890.0,818.0,998.0,692.0,0.42,3.674586777,3.961024499,24.87412587,36.8,Healthcare,BMY,13.990938475222224
436,2014-03-31,41.51505229557377,4449357.377049181,1.55,26.72903226,9.87,9.28,1.81,18.92,1.52,17.42,1.4,23.36,1.53,17.67,6.95,5.82,1850.54,12.44,15.24,2.56,4525.0,15236.0,4441.0,3168.0,869.0,1050.0,726.0,0.43,4.197568389,4.464439655,22.88950276,38.59,Healthcare,BMY,17.09298183122222
437,2014-06-30,38.71171472952381,6432661.904761905,1.74,23.27586207,9.84,9.42,2.44,14.01,1.86,12.36,1.64,17.89,1.15,19.32,7.97,6.28,123.71,7.52,15.53,2.89,7059.0,15531.0,3811.0,2843.0,985.0,1202.0,937.0,0.56,4.115853659,4.299363057,16.59836066,33.42,Healthcare,BMY,18.582123174555555
438,2014-09-30,39.5373585221875,13380026.5625,1.62,23.50617284,9.74,9.32,2.15,14.06,1.8,12.4,1.59,18.12,1.18,17.67,7.55,6.49,61.51,7.8,15.38,2.69,7175.0,15379.0,3889.0,2898.0,448.0,483.0,333.0,0.2,3.909650924,4.08583691,17.71162791,33.5,Healthcare,BMY,20.00234701666667
439,2014-12-31,44.963485360312504,6274704.6875,1.63,24.83435583,9.64,9.21,2.07,14.18,1.75,12.61,1.56,18.25,1.2,17.72,7.82,6.44,43.43,8.1,15.2,2.72,7221.0,15201.0,3921.0,2914.0,1008.0,1120.0,721.0,0.43,4.199170124,4.395222584,19.55555556,33.45,Healthcare,BMY,24.95502443333333
440,2015-03-31,50.21361516737705,3470380.3278688523,1.2,39.425,9.52,9.06,1.57,14.61,1.73,13.05,1.54,18.77,1.25,13.12,5.98,6.2,31.55,8.46,14.98,2.0,7435.0,14983.0,4258.0,3292.0,-60.0,43.0,13.0,0.01,4.969537815,5.221854305,30.13375796,33.75,Healthcare,BMY,26.619890545555556
441,2015-06-30,53.16399492460317,4167950.793650794,1.35,38.2962963,9.64,9.46,1.56,14.93,1.94,13.49,1.75,17.89,1.14,14.71,6.71,6.96,34.55,7.69,15.69,2.25,7607.0,15689.0,4041.0,3194.0,1448.0,1552.0,1186.0,0.71,5.363070539,5.465116279000001,33.14102564,33.58,Healthcare,BMY,25.44821354111111
442,2015-09-30,51.467326045,4801196.875,1.07,50.13084112,9.81,9.22,0.94,13.06,1.76,11.75,1.58,16.66,1.09,11.71,5.39,6.75,27.17,7.44,15.29,1.79,5476.0,15291.0,4163.0,3150.0,52.0,143.0,-130.0,-0.08,5.467889908,5.817787419,57.06382979,31.95,Healthcare,BMY,26.86753019555556
443,2015-12-31,53.957059145,10404632.8125,1.06,45.55660377,9.88,9.2,0.64,12.93,1.81,11.8,1.65,16.51,1.08,11.59,5.42,6.78,26.6,7.16,15.27,1.78,5413.0,15273.0,4069.0,2972.0,987.0,1092.0,706.0,0.42,4.887651822,5.248913043,75.453125,31.78,Healthcare,BMY,22.871477384444447
444,2016-03-31,51.77440180459017,3462314.7540983604,0.97,58.15463918,9.89,8.68,0.77,10.42,1.3,9.19,1.15,17.32,1.2,10.32,4.85,6.12,23.53,8.02,14.42,1.57,4270.0,14424.0,4287.0,3335.0,-410.0,-334.0,-197.0,-0.12,5.703741153000001,6.498847926,73.25974026,31.75,Healthcare,BMY,24.221788491111113
445,2016-06-30,58.354421734375,4521240.625,0.97,54.32989691,10.09,8.76,0.19,11.22,1.48,9.88,1.3,17.34,1.19,10.57,4.94,6.3,24.26,7.6,14.55,1.57,4307.0,14551.0,4391.0,3339.0,1655.0,1720.0,1195.0,0.71,5.222993062,6.015981735,277.3684211,31.89,Healthcare,BMY,22.489345044444445
446,2016-09-30,53.32159751625,6706810.9375,1.74,35.05172414,10.49,9.07,0.35,12.3,1.56,10.86,1.38,17.75,1.18,19.35,8.95,6.82,44.12,7.89,15.08,2.87,4651.0,15078.0,4871.0,3665.0,1615.0,1705.0,1166.0,0.69,5.814108675,6.724366042,174.2571429,32.83,Healthcare,BMY,23.61722938111111
447,2016-12-31,45.68597611873016,17228500.0,2.04,21.92156863,11.0,9.49,0.82,13.2,1.47,11.72,1.3,17.95,1.14,22.5,10.34,7.53,50.29,9.0,15.78,3.37,5560.0,15781.0,4922.0,3617.0,1559.0,1664.0,1202.0,0.72,4.065454545,4.712328767,54.53658537,33.73,Healthcare,BMY,24.464913686666666
448,2017-03-31,46.14215494,7027264.516129033,2.65,18.41509434,11.57,9.82,1.1,13.7,1.55,12.46,1.41,17.36,1.06,28.87,13.49,8.09,62.04,8.84,16.35,4.46,6350.0,16347.0,5243.0,3837.0,1086.0,1208.0,894.0,0.53,4.217804667,4.969450102,44.36363636,33.71,Healthcare,BMY,21.500880257777776
449,2017-06-30,46.10564646603175,8098139.682539683,2.88,15.87152778,11.9,8.83,1.72,13.62,1.6,12.23,1.44,18.4,1.27,31.33,14.52,6.38,67.11,8.49,14.54,4.84,6109.0,14535.0,4929.0,3664.0,1955.0,2148.0,1574.0,0.94,3.841176471,5.176670442,26.5755814,32.94,Healthcare,BMY,24.10329047333333
450,2017-09-30,49.82350679396825,5037800.0,2.75,17.15636364,12.12,9.04,2.43,14.32,1.59,13.11,1.45,18.59,1.25,29.84,13.71,6.72,63.88,9.02,14.82,4.59,6505.0,14821.0,5144.0,3575.0,1295.0,1506.0,916.0,0.56,3.892739274,5.219026549,19.41563786,33.41,Healthcare,BMY,25.692912138888893
451,2017-12-31,53.684582786190475,5404300.0,2.54,21.39370079,12.38,9.11,2.68,15.05,1.59,13.8,1.46,19.06,1.28,27.91,12.62,6.84,60.37,9.44,14.91,4.23,7122.0,14914.0,5254.0,3675.0,1183.0,1371.0,845.0,0.51,4.389337641,5.964873765,20.2761194,33.98,Healthcare,BMY,25.43279173777778
452,2018-03-31,55.58252791147541,3953500.0,0.59,89.10169492,12.56,7.29,2.55,14.85,1.55,13.69,1.43,21.7,1.83,7.18,3.01,3.77,16.99,9.56,11.85,1.01,6812.0,11847.0,5449.0,3848.0,698.0,895.0,-2328.0,-1.4,4.185509554,7.211248285,20.61568627,33.55,Healthcare,BMY,39.507209774888885
453,2018-06-30,46.9554811125,5732300.0,0.56,97.51785714,12.78,7.9,2.78,14.65,1.52,13.42,1.39,20.18,1.56,6.75,2.74,4.93,16.52,9.62,12.91,0.92,6770.0,12906.0,5193.0,3609.0,1779.0,1922.0,1486.0,0.91,4.273082942,6.912658228,19.64388489,33.08,Healthcare,BMY,93.44112360188889
454,2018-09-30,51.97479671888889,7726700.0,0.23,209.0434783,13.15,7.61,2.5,13.87,1.41,12.63,1.28,20.22,1.63,2.89,1.13,4.65,7.45,9.88,12.42,0.38,6075.0,12418.0,5704.0,4079.0,517.0,674.0,373.0,0.23,3.656273764,6.318002628,19.232,32.64,Healthcare,BMY,20.61799328288889
455,2018-12-31,47.35267972142857,3754419.0476190476,0.88,61.73863636,13.43,8.43,2.26,14.87,1.53,13.59,1.4,19.98,1.45,11.25,4.31,5.96,29.67,9.69,13.75,1.43,6830.0,13750.0,5691.0,4043.0,2167.0,2332.0,1901.0,1.16,4.0454207,6.444839858,24.03982301,33.73,Healthcare,BMY,90.27433399600001
456,2019-03-31,44.257582241967214,7686400.0,3.03,15.10891089,13.78,8.7,3.74,17.72,1.66,16.52,1.55,20.86,1.48,36.99,14.64,6.5,89.34,10.65,14.13,4.92,8759.0,14127.0,5973.0,4363.0,1505.0,1677.0,1160.0,0.71,3.322206096,5.262068966,12.24064171,34.99,Healthcare,BMY,28.421193143333333
457,2019-06-30,41.73789106079365,49293100.0,3.16,13.41772152,14.23,9.36,3.89,17.09,1.93,15.81,1.79,19.52,1.27,37.0,15.11,7.76,82.78,8.84,15.32,5.14,8764.0,15317.0,5920.0,4096.0,1979.0,2149.0,1710.0,1.04,2.97962052,4.52991453,10.89974293,34.83,Healthcare,BMY,26.830040716666662
458,2019-09-30,42.49229616015625,15561985.9375,3.8,10.7,14.58,9.87,4.52,37.72,3.88,36.41,3.75,39.01,2.42,41.81,15.63,8.62,86.05,9.71,16.15,6.2,29357.0,16151.0,6273.0,4301.0,1776.0,1945.0,1432.0,0.87,2.788751715,4.119554205,8.995575221,55.16,Healthcare,BMY,26.216498794444444
459,2019-12-31,52.217146635625,11409790.625,3.47,13.21613833,14.77,10.9,5.33,40.19,3.83,39.0,3.72,39.68,2.24,35.71,12.4,10.24,68.31,10.49,17.75,5.66,32542.0,17754.0,6007.0,4217.0,1349.0,1520.0,1353.0,0.83,3.104942451,4.20733945,8.60412758,57.43,Healthcare,BMY,26.898440008888894
460,2020-03-31,56.134663920483874,8026029.0322580645,2.19,26.73059361,15.77,23.2,4.31,29.35,1.6,25.06,1.37,78.25,1.51,13.63,4.96,-34.76,-168.95,18.3,51.7,3.44,15393.0,51698.0,7945.0,5453.0,-129.0,1107.0,-1056.0,-0.73,3.712111604,2.523275862,13.58236659,129.94,Healthcare,BMY,30.36756863
461,2020-06-30,55.380733006190475,17883625.396825396,0.81,63.19753086,16.92,22.08,5.24,31.85,1.66,29.02,1.51,79.31,1.59,2.81,1.03,-34.14,-7.63,19.23,49.98,0.95,18322.0,49977.0,10781.0,7119.0,-304.0,2173.0,-775.0,-0.34,3.025413712,2.318387681,9.769083969,129.29,Healthcare,BMY,31.277149351444436
462,2020-09-30,56.15236377671875,9804098.4375,-0.1,-544.4,17.57,21.81,6.01,34.34,1.47,31.96,1.37,78.92,1.61,-1.34,-0.51,-30.59,2.52,23.42,49.16,-0.56,21658.0,49160.0,10129.0,7430.0,1627.0,4185.0,-85.0,-0.04,3.09846329,2.496102705,9.058236273,128.08,Healthcare,BMY,-33.747826423333336
463,2020-12-31,57.81342184515625,8061287.5,-0.11,-511.3636364,18.49,22.23,5.44,34.28,1.68,32.33,1.58,75.31,1.5,-0.09,-0.03,-26.99,0.14,20.46,50.23,-0.04,21155.0,50230.0,10540.0,8038.0,2257.0,4912.0,1872.0,0.82,3.042184965,2.530364372,10.34007353,125.54,Healthcare,BMY,-28.699564292222224
464,2021-03-31,58.96461180295082,6716044.262295082,-4.01,-14.65336658,18.75,17.06,5.89,30.19,1.58,28.12,1.47,80.6,2.13,-19.26,-7.19,-35.91,28.26,19.08,37.88,-9.02,15831.0,37882.0,11068.0,8158.0,-10451.0,-7761.0,-10027.0,-4.43,3.133866667,3.444314185,9.976230900000001,118.48,Healthcare,BMY,27.22789220444444
465,2021-06-30,62.27017696301587,12123106.349206349,-2.78,-21.67985612,18.87,16.89,5.84,27.11,1.56,25.16,1.45,74.76,1.98,-14.22,-5.13,-33.67,19.56,17.33,37.67,-6.22,12930.0,37673.0,11073.0,8232.0,2530.0,5198.0,2021.0,0.89,3.193958665,3.568383659,10.32020548,112.44,Healthcare,BMY,24.01115095
466,2021-09-30,63.363128245,5386346.875,-2.27,-28.10132159,19.59,16.6,5.19,29.16,1.54,27.02,1.42,73.92,2.01,-12.49,-4.35,-31.72,15.84,18.99,36.87,-5.08,12970.0,36874.0,11703.0,9251.0,1553.0,4265.0,1055.0,0.47,3.25625319,3.842771084,12.29094412,110.8,Healthcare,BMY,23.874567096666667
467,2021-12-31,56.8935998084375,8999623.4375,-2.4,-23.90833333,20.17,16.79,6.55,31.44,1.47,29.28,1.36,73.61,1.97,-14.44,-4.78,-28.17,16.7,21.46,37.28,-5.41,15663.0,37284.0,11624.0,9333.0,2157.0,4884.0,1546.0,0.69,2.844819038,3.417510423,8.760305344,110.89,Healthcare,BMY,28.806642503333332
468,2022-03-31,65.67528743080645,6343138.70967742,3.12,19.37820513,20.61,16.55,6.79,33.26,1.52,31.17,1.43,73.31,2.04,18.92,6.31,-27.02,-23.2,21.87,36.01,6.99,16966.0,36006.0,11985.0,9629.0,1858.0,4437.0,2372.0,1.07,2.933527414,3.653172205,8.904270987,109.31,Healthcare,BMY,68.88091396888889
469,2022-06-30,75.05071471163934,12146600.0,2.82,25.5212766,21.1,14.86,6.82,30.12,1.32,28.02,1.23,71.39,2.26,17.63,5.76,-28.96,-21.58,22.82,31.65,6.25,14968.0,31645.0,11648.0,9177.0,1687.0,4271.0,1278.0,0.59,3.410900474,4.843203229999999,10.552785920000002,103.03,Healthcare,BMY,-0.5830009466666672
470,2009-03-31,13.82886696,92423300.0,1.715935026,12.81139375,6.206958944,4.15,2.965957337,40.72,1.71,40.07,1.68,31.91,0.86,39.97827546,20.6316783,30.51939801,62.10049583,23.82,36.94,15.15211362,31005.73202,39615.1367,12411.90954,10128.04476,4802.848701,4791.371161,4062.471779,0.481226767,3.45631525,4.821683715,8.500585412,78.69413279,Tech,MSFT,10.749064623333334
471,2009-06-30,15.733464407777777,64620163.49206349,1.715935026,12.81139375,6.206958944,4.15,2.965957337,40.72,1.71,40.07,1.68,31.91,0.86,39.97827546,20.6316783,30.51939801,62.10049583,23.82,36.94,15.15211362,31005.73202,39615.1367,12411.90954,10128.04476,4802.848701,4791.371161,4062.471779,0.481226767,3.45631525,4.821683715,8.500585412,78.69413279,Tech,MSFT,9.925217736084656
472,2009-09-30,18.4037190078125,62482953.125,1.729164005,12.70584639,6.297981536,4.44,3.01399321,49.28,1.82,48.56,1.8,38.33,0.97,39.9836769,20.670017,30.68416801,62.19716028,27.03,39.56,15.36717775,31447.0,39558.0,13099.0,10513.0,3987.0,4668.0,3045.0,0.34,3.53516439,4.794806264,8.194226159,79.56422234,Tech,MSFT,10.750565782700892
473,2009-12-31,21.850747645,39096485.9375,1.763621248,12.49686767,6.360910482,4.63,2.881508209,52.23,1.82,51.08,1.78,40.4,0.98,39.9820108,20.74928285,30.37895594,61.96084261,28.76,41.21,15.72350139,36728.0,41212.0,12920.0,10078.0,4482.0,5128.0,3574.0,0.4,3.666794429,4.714603404,8.257773288,80.88807117,Tech,MSFT,12.34351059642857
474,2010-03-31,22.440072388032785,41890603.27868853,1.81,12.9281768,6.55,5.03,2.92,52.49,2.04,51.9,2.02,37.81,0.85,40.14,20.95,30.57,61.66,25.72,44.28,16.26,36099.0,44283.0,19022.0,15394.0,8513.0,9128.0,6662.0,0.74,3.572519084,4.652087475,8.01369863,82.1,Tech,MSFT,6.3789988548243555
475,2010-06-30,21.552464803492065,36302852.38095238,1.93,11.70466321,6.65,5.22,2.26,54.52,2.06,54.02,2.04,39.2,0.86,40.49,21.18,31.97,60.23,26.42,45.71,17.29,39666.0,45710.0,14503.0,11748.0,5173.0,5867.0,4006.0,0.45,3.396992481,4.327586207,9.995575221,84.91,Tech,MSFT,13.564409705986392
476,2010-09-30,19.19492950984375,118701425.0,2.1,8.49047619,6.99,5.33,2.48,55.68,2.13,54.94,2.1,39.94,0.87,42.3,22.42,32.62,61.44,26.15,46.18,18.76,36788.0,46175.0,16039.0,12869.0,5930.0,6648.0,4518.0,0.51,2.550786838,3.34521576,7.189516129,86.11,Tech,MSFT,16.43179480825893
477,2010-12-31,20.50554192078125,43951200.0,2.32,8.224137931,7.42,5.48,2.72,59.58,2.3,58.34,2.26,44.6,0.95,44.99,23.9,33.39,64.09,25.86,46.94,20.6,44173.0,46942.0,16195.0,13056.0,7116.0,7810.0,5410.0,0.62,2.571428571,3.481751825,7.014705882,91.54,Tech,MSFT,16.303711252709824
478,2011-03-31,21.14475927064516,21128248.387096774,2.35,9.306382979,7.62,5.77,2.65,59.68,2.46,58.82,2.42,43.83,0.9,43.92,23.18,34.99,61.87,24.31,48.48,20.57,41252.0,48481.0,19953.0,15120.0,8165.0,8828.0,6634.0,0.77,2.87007874,3.790294627,8.252830189,92.31,Tech,MSFT,19.201404258497696
479,2011-06-30,19.768610182698414,42381073.015873015,2.51,7.976095618,7.92,6.34,2.8,66.26,2.76,65.21,2.71,46.28,0.87,44.69,23.58,40.06,61.8,24.04,53.45,21.79,50150.0,53452.0,16428.0,12531.0,5709.0,6429.0,5232.0,0.61,2.527777778,3.157728707,7.15,99.73,Tech,MSFT,18.895141278165532
480,2011-09-30,20.689114570625,66009692.1875,2.69,7.669144981,8.14,6.82,2.87,74.92,2.6,73.55,2.56,51.62,0.9,44.96,23.61,43.76,60.84,28.77,57.08,23.15,52772.0,57083.0,17367.0,13659.0,6171.0,6860.0,5874.0,0.69,2.534398034,3.024926686,7.18815331,108.7,Tech,MSFT,13.946694780799106
481,2011-12-31,20.836119667460316,63407300.0,2.75,7.229090909,8.33,7.06,2.94,75.27,2.95,73.0,2.86,48.02,0.81,43.0,23.01,45.83,57.04,25.54,59.39,23.48,57403.0,59391.0,17372.0,13595.0,7203.0,7929.0,5738.0,0.68,2.386554622,2.815864023,6.761904762000001,107.42,Tech,MSFT,12.214564844904762
482,2012-03-31,24.60059510483871,27395700.0,2.76,7.56884058,8.46,7.65,3.13,72.51,2.86,71.16,2.81,48.12,0.75,40.11,21.93,41.87,54.73,25.37,64.12,23.47,51736.0,64121.0,20885.0,15247.0,7994.0,8672.0,6624.0,0.78,2.469267139,2.730718954,6.674121406,112.24,Tech,MSFT,12.711241496451615
483,2012-06-30,24.660957154603175,31749400.0,2.75,9.498181818,8.58,8.17,3.21,76.86,2.94,75.45,2.88,49.35,0.72,37.46,20.92,46.21,52.56,26.17,68.66,23.34,59529.0,68659.0,17407.0,13455.0,6374.0,7140.0,5108.0,0.6,3.044289044,3.197062424,8.137071651,118.01,Tech,MSFT,12.976234404861676
484,2012-09-30,24.692492166984128,55227200.0,1.94,12.8556701,8.84,7.92,5.12,85.08,2.6,83.95,2.57,54.91,0.83,26.27,14.8,49.74,36.98,32.69,66.36,16.98,63040.0,66363.0,18059.0,13896.0,192.0,7182.0,-492.0,-0.06,2.821266968,3.1489898989999996,4.87109375,121.27,Tech,MSFT,12.971409531900225
485,2012-12-31,22.966763988387097,53810116.12903226,1.69,14.44970414,8.25,8.17,5.41,84.05,2.68,82.43,2.63,53.04,0.77,23.44,13.27,50.95,33.28,31.4,68.84,15.71,66644.0,68836.0,16008.0,11840.0,5308.0,6018.0,4466.0,0.53,2.96,2.988984088,4.513863216,121.88,Tech,MSFT,14.09743102362903
486,2013-03-31,22.9184891695,28239900.0,1.85,11.94594595,8.75,8.67,4.84,89.57,2.81,87.91,2.76,56.11,0.77,22.37,12.62,54.51,30.7,31.91,72.58,15.46,68312.0,72576.0,21456.0,15764.0,7771.0,8780.0,6377.0,0.76,2.525714286,2.549019608,4.566115702,128.68,Tech,MSFT,12.844577881869048
487,2013-06-30,27.34181302875,55453800.0,1.95,12.24102564,8.98,9.19,5.05,93.52,2.93,91.39,2.86,57.42,0.75,23.07,12.97,58.77,30.67,31.93,76.69,16.41,74483.0,76688.0,20489.0,15702.0,7612.0,8665.0,6055.0,0.72,2.658129176,2.597388466,4.726732673,134.11,Tech,MSFT,13.037056384638394
488,2013-09-30,27.64499121921875,65386164.0625,2.6,11.16153846,9.21,9.48,2.9,101.47,2.71,99.53,2.66,63.49,0.8,29.44,16.59,61.21,38.79,37.42,78.94,21.86,77022.0,78944.0,19896.0,14158.0,6073.0,7056.0,4965.0,0.57,3.15092291,3.061181435,10.00689655,142.43,Tech,MSFT,13.207878474062499
489,2013-12-31,30.73265802828125,54737726.5625,2.68,10.50746269,8.76,9.78,3.45,99.45,2.87,96.84,2.8,60.71,0.74,29.23,16.54,63.99,37.98,34.62,81.64,22.64,80672.0,81641.0,18529.0,13384.0,6334.0,7288.0,5244.0,0.62,3.214611872,2.879345603,8.162318841,142.35,Tech,MSFT,14.194664614375
490,2014-03-31,32.00786740688525,16736109.836065574,2.85,11.18947368,10.24,10.25,0.22,106.87,3.17,105.28,3.12,68.44,0.8,28.32,15.95,67.48,36.31,33.74,85.1,22.82,83944.0,85100.0,24519.0,16197.0,7969.0,9230.0,6558.0,0.78,3.114257813,3.111219512,144.9545455,153.54,Tech,MSFT,16.71653415918033
491,2014-06-30,34.773002624285716,43967419.047619045,2.77,12.71119134,10.14,10.58,0.83,109.01,3.22,107.09,3.16,68.7,0.79,26.93,15.09,69.77,34.18,33.9,87.42,22.43,88425.0,87424.0,20403.0,14425.0,6974.0,8229.0,5660.0,0.68,3.472386588,3.327977316,42.42168675,156.12,Tech,MSFT,18.624235277142855
492,2014-09-30,38.56419861296875,73881421.875,2.6,13.86923077,10.49,10.9,0.79,114.25,2.5,111.59,2.45,82.6,0.92,25.67,14.14,62.68,33.46,45.63,89.78,22.07,85709.0,89784.0,23382.0,15749.0,6482.0,8224.0,4612.0,0.55,3.437559581,3.308256881,45.64556962,172.38,Tech,MSFT,21.058743583214287
493,2014-12-31,40.83255106203125,25939339.0625,2.55,15.81960784,10.92,10.92,1.16,112.44,2.52,109.3,2.45,79.49,0.88,24.25,13.12,63.4,32.46,44.69,90.17,21.37,89193.0,90170.0,23201.0,14928.0,5844.0,7272.0,4540.0,0.54,3.694139194,3.694139194,34.77586207,169.66,Tech,MSFT,24.680436234754463
494,2015-03-31,38.131760456229514,16690683.606557377,2.48,16.40322581,11.19,11.18,3.26,116.36,2.45,114.31,2.41,82.97,0.9,23.02,12.29,62.73,31.98,47.42,91.88,20.68,90249.0,91879.0,26470.0,16334.0,7776.0,9297.0,5863.0,0.71,3.63538874,3.638640429,12.47852761,174.85,Tech,MSFT,22.099921082388757
495,2015-06-30,40.23345160111111,35034334.92063492,2.41,14.87966805,11.39,11.11,3.26,118.4,2.91,115.93,2.85,86.55,0.96,22.1,11.53,61.44,31.97,40.75,90.13,20.0,95438.0,90132.0,21729.0,14568.0,6594.0,8109.0,4985.0,0.61,3.148375768,3.227722772,11.0,176.68,Tech,MSFT,20.490165350226757
496,2015-09-30,39.85082912375,34061104.6875,1.46,26.84246575,11.29,9.98,2.87,122.8,2.47,119.9,2.42,94.39,1.18,13.85,7.01,58.31,19.84,49.65,80.08,12.19,96526.0,80083.0,22180.0,14712.0,-2053.0,6938.0,-3195.0,-0.38,3.471213463,3.926853707,13.65505226,174.47,Tech,MSFT,20.545128808772322
497,2015-12-31,47.02228152765625,32590801.5625,1.49,26.5033557,11.04,9.7,2.96,121.66,2.46,117.84,2.39,95.45,1.23,14.79,7.19,55.56,21.1,49.4,77.45,12.56,99355.0,77445.0,20379.0,13172.0,5793.0,7254.0,4902.0,0.61,3.576992754,4.071134021,13.34121622,172.9,Tech,MSFT,19.814108798794642
498,2016-03-31,47.17702421639344,21725873.770491805,1.4,35.65,10.8,9.69,3.06,127.81,3.0,125.11,2.93,103.32,1.35,14.44,6.65,54.73,20.36,42.64,76.78,11.71,102640.0,76780.0,23796.0,13924.0,6026.0,7570.0,5018.0,0.62,4.621296296,5.150670795,16.31045752,180.1,Tech,MSFT,21.953524911522248
499,2016-06-30,47.08440399171875,23137920.3125,1.26,39.70634921,10.73,9.51,3.01,128.42,2.9,125.97,2.84,107.06,1.43,13.56,5.91,52.4,18.97,44.35,74.81,10.48,105552.0,74806.0,20531.0,12809.0,5283.0,6990.0,3756.0,0.47,4.662628145,5.260778128,16.62126246,181.87,Tech,MSFT,39.68499582171875
500,2016-09-30,51.495273946875,31212742.1875,2.05,22.77560976,11.35,9.22,3.12,139.66,2.35,137.41,2.32,121.47,1.69,27.29,11.28,50.39,38.56,59.36,72.0,20.54,113240.0,71997.0,26448.0,18469.0,8976.0,11516.0,6863.0,0.86,4.113656388,5.063991323,14.96474359,193.47,Tech,MSFT,12.27776882888393
501,2016-12-31,55.22560143825397,25463500.0,2.08,25.42307692,11.61,9.04,3.38,157.91,2.69,154.79,2.63,142.15,2.02,28.99,11.1,48.94,41.28,58.81,70.37,21.3,136932.0,70372.0,21928.0,14084.0,6715.0,8531.0,5667.0,0.72,4.554694229,5.849557522,15.64497041,212.52,Tech,MSFT,12.882915427142859
502,2017-03-31,59.225268949032255,25411237.096774194,2.12,27.08962264,11.95,8.9,3.49,144.95,2.05,142.99,2.02,155.8,2.26,31.54,11.1,23.28,51.54,70.79,68.81,22.55,122781.0,68809.0,25826.0,15925.0,7905.0,10071.0,6267.0,0.8,4.805857741,6.452808989,16.45558739,224.61,Tech,MSFT,20.772507377119815
503,2017-06-30,63.81321026,15341782.53968254,2.26,27.09734513,12.35,9.03,3.62,146.31,2.81,144.33,2.78,155.29,2.23,34.58,11.35,24.51,66.02,52.01,69.73,24.28,126018.0,69729.0,23212.0,15152.0,6723.0,9176.0,5486.0,0.7,4.958704453,6.781838317,16.91712707,225.02,Tech,MSFT,21.601978456349208
504,2017-09-30,68.27399456698411,28918700.0,2.7,23.87037037,12.32,11.38,4.01,162.7,2.92,160.52,2.88,162.6,1.85,34.37,11.17,42.48,73.23,55.75,87.71,25.49,132981.0,87711.0,25605.0,17149.0,7682.0,10025.0,8069.0,1.03,5.231331169,5.66344464,16.0723192,250.31,Tech,MSFT,38.8605272271882
505,2017-12-31,77.05830359142857,17079100.0,2.94,23.81632653,12.68,11.61,4.14,161.03,3.12,157.82,3.06,159.45,1.78,33.43,11.13,44.66,78.25,51.62,89.65,26.4,138471.0,89647.0,24538.0,16260.0,7708.0,10207.0,6576.0,0.84,5.522082019,6.031007752,16.91304348,249.1,Tech,MSFT,35.8339719884127
506,2018-03-31,86.32866068360656,18717400.0,1.46,55.34931507,13.14,10.17,4.28,167.63,2.89,165.63,2.85,177.64,2.27,17.0,5.64,33.97,37.98,58.1,78.36,13.83,142780.0,78360.0,28918.0,17854.0,8679.0,11215.0,-6302.0,-0.82,6.149923896,7.945919371,18.88084112,256.0,Tech,MSFT,24.8426470306089
507,2018-06-30,91.9043041465625,45867500.0,1.8,48.12777778,13.61,10.3,4.29,156.66,3.4,154.58,3.35,166.26,2.1,18.83,6.3,35.11,40.37,46.13,79.24,15.77,132270.0,79239.0,26819.0,17550.0,8292.0,11002.0,7424.0,0.95,6.365172667,8.410679612,20.19347319,245.5,Tech,MSFT,11.917265570111612
508,2018-09-30,103.21895502587302,28053200.0,2.11,44.54976303,14.2,10.77,4.14,169.66,2.9,167.0,2.86,176.13,2.13,20.09,6.57,38.98,43.4,58.49,82.72,16.57,133768.0,82718.0,30085.0,20343.0,10379.0,12895.0,8873.0,1.16,6.61971831,8.727948004,22.70531401,258.85,Tech,MSFT,73.4921667322449
509,2018-12-31,102.3940011852381,21910474.603174604,2.41,45.41078838,14.8,11.19,4.11,164.2,2.92,160.58,2.85,171.65,2.0,23.07,7.39,42.53,49.98,56.28,85.97,18.82,135880.0,85967.0,29084.0,19179.0,9955.0,12792.0,8824.0,1.14,7.394594595,9.780160858,26.62773723,257.62,Tech,MSFT,66.57084151247166
510,2019-03-31,104.73669358442623,38196300.0,4.31,22.64965197,15.23,11.99,4.08,156.87,3.12,154.91,3.08,166.73,1.81,39.45,13.14,42.07,84.54,50.32,92.13,33.54,127662.0,92128.0,32471.0,20048.0,10258.0,13253.0,8420.0,1.08,6.409717663,8.141784821,23.92647059,258.86,Tech,MSFT,25.93899239042155
511,2019-06-30,122.37984926507937,25399800.0,4.5,25.29777778,15.73,12.37,4.34,159.89,2.97,157.94,2.93,168.42,1.78,39.28,13.45,44.9,82.92,53.86,94.86,34.93,131618.0,94864.0,30571.0,20401.0,10341.0,13267.0,8809.0,1.14,7.23712651,9.202910267,26.23041475,263.28,Tech,MSFT,22.966495834603176
512,2019-09-30,133.0202752390625,29924792.1875,5.07,25.59763314,16.22,13.39,4.93,175.55,2.53,173.49,2.5,184.23,1.8,41.82,14.72,52.55,86.22,69.42,102.33,39.24,133819.0,102330.0,33717.0,23305.0,12405.0,15329.0,13187.0,1.7,8.001233046,9.692307692,26.32454361,286.56,Tech,MSFT,29.121812205848215
513,2019-12-31,142.5557661046875,22381929.6875,5.31,25.3653484,16.76,13.89,4.99,165.9,2.85,163.27,2.81,172.89,1.63,41.57,15.11,56.44,83.88,58.12,106.06,41.09,136636.0,106061.0,33055.0,22649.0,12686.0,15657.0,10678.0,1.38,8.036396181,9.696904248,26.99198397,278.96,Tech,MSFT,28.44531543238839
514,2020-03-31,160.07729561451615,17107624.19354839,5.74,26.70731707,17.38,14.47,5.26,167.07,2.8,165.25,2.77,172.69,1.57,42.89,15.95,60.74,82.6,59.64,110.11,44.32,134253.0,110109.0,36906.0,24548.0,13891.0,17094.0,11649.0,1.51,8.820483314,10.594333100000002,29.14448669,282.79,Tech,MSFT,27.36534848921659
515,2020-06-30,177.1952500111111,62837463.49206349,6.0,25.62,18.0,15.09,5.63,170.51,2.9,168.86,2.88,170.95,1.49,42.74,16.32,65.58,78.65,58.71,114.5,46.27,137626.0,114501.0,35021.0,24046.0,12975.0,16093.0,10752.0,1.4,8.54,10.18687873,27.30373002,285.45,Tech,MSFT,27.945420808639458
516,2020-09-30,205.5534133890625,26662854.6875,7.08,28.09463277,20.3,15.63,8.61,181.92,2.52,180.02,2.49,183.01,1.55,39.45,15.42,67.92,70.66,72.31,118.3,44.28,136527.0,118304.0,38033.0,25694.0,13407.0,16911.0,11202.0,1.47,9.798522167,12.72616763,23.10220674,301.31,Tech,MSFT,33.39186037660714
517,2020-12-31,210.9662082234375,24160187.5,7.39,27.88633288,20.37,16.31,9.57,177.08,2.53,174.37,2.49,177.61,1.44,40.74,16.23,72.58,71.21,70.06,123.39,47.5,137977.0,123392.0,37154.0,26152.0,15876.0,18521.0,13893.0,1.82,10.11683849,12.63519313,21.53396029,301.0,Tech,MSFT,36.95117518714285
518,2021-03-31,228.2263526295082,20346393.442622952,8.02,27.24438903,21.46,17.26,8.88,173.97,2.58,172.05,2.55,173.9,1.34,42.19,17.22,79.46,71.88,67.49,130.24,51.31,131968.0,130236.0,43076.0,28882.0,17897.0,20658.0,15463.0,2.03,10.18173346,12.65932793,24.60585586,304.14,Tech,MSFT,36.797005663536304
519,2021-06-30,250.58204045555556,24714949.206349205,7.34,31.6280654,20.96,17.85,8.66,165.61,2.29,163.37,2.26,174.37,1.3,44.24,18.44,76.68,75.53,72.19,134.51,56.02,125407.0,134505.0,41706.0,28661.0,17048.0,19984.0,15457.0,2.03,11.07585878,13.00560224,26.80715935,308.88,Tech,MSFT,35.19492622011337
520,2021-09-30,287.446013453125,20038048.4375,8.05,33.21118012,22.08,18.88,7.38,184.41,2.08,181.77,2.05,191.79,1.35,46.23,19.64,84.48,78.25,88.66,141.99,61.27,130334.0,141988.0,46152.0,32161.0,19095.0,22439.0,16458.0,2.17,12.10824275,14.16048729,36.22628726,333.78,Tech,MSFT,34.239183807455355
521,2021-12-31,320.9066910765625,26191837.5,7.0,39.82285714,19.64,20.24,6.55,174.33,2.17,170.92,2.12,183.44,1.21,48.6,21.18,93.73,81.21,80.53,151.98,67.88,130615.0,151978.0,45317.0,31671.0,20238.0,23450.0,20505.0,2.71,14.19348269,13.77272727,42.55877863,335.42,Tech,MSFT,35.77078301071429
522,2022-03-31,298.36295688064513,16190775.806451613,8.71,38.25028703,24.06,21.33,1.73,174.19,2.25,171.17,2.21,180.38,1.13,48.39,21.6,101.63,79.87,77.51,160.01,71.19,125369.0,160010.0,51728.0,34768.0,22247.0,25743.0,18765.0,2.48,13.84704904,15.61931552,192.5780347,340.39,Tech,MSFT,35.481386242096775
523,2022-06-30,269.9629389065574,28163600.0,8.9,34.38764045,24.95,21.77,3.3,153.92,1.99,150.63,1.95,181.68,1.12,46.98,21.4,84.21,79.61,77.44,162.92,72.46,104693.0,162924.0,49360.0,33745.0,20364.0,24137.0,16728.0,2.22,12.26653307,14.05833716,92.74242424,344.61,Tech,MSFT,31.044403602646366
524,2009-03-31,3.200220823,570080000.0,0.254001084,19.77562455,1.480120072,0.97,0.601255531,33.85,2.46,33.54,2.44,18.93,0.78,30.04937758,17.33324152,30.77378411,30.59703758,13.75,24.31,7.436799781,24503.36078,24058.62635,11804.58955,4728.64388,3431.931706,3593.406668,2457.580154,0.104447713,3.493669364,4.516931444,12.66154527,50.6094309,Tech,AAPL,10.749064623333334
525,2009-06-30,3.939794143079365,541076000.0,0.254001084,19.77562455,1.480120072,0.97,0.601255531,33.85,2.46,33.54,2.44,18.93,0.78,30.04937758,17.33324152,30.77378411,30.59703758,13.75,24.31,7.436799781,24503.36078,24058.62635,11804.58955,4728.64388,3431.931706,3593.406668,2457.580154,0.104447713,3.493669364,4.516931444,12.66154527,50.6094309,Tech,AAPL,9.925217736084656
526,2009-09-30,4.9995877966875,564143650.0,0.263197216,19.82912927,1.578903917,1.03,0.585512975,35.17,2.11,34.79,2.09,22.25,0.86,30.5147181,17.72148393,31.94844399,31.04926343,16.66,25.89,7.738038169,24222.0,25888.0,9734.0,3983.0,2632.0,2814.0,1828.0,0.07,3.47783361,4.539128129,11.90795891,51.38654674,Tech,AAPL,10.750565782700892
527,2009-12-31,6.0057833716875,346427768.75,0.280142731,20.22773303,1.694692502,1.26,0.591119887,31.56,2.74,31.1,2.7,15.86,0.5,31.11747089,18.38611339,33.31339534,31.64162421,11.51,31.64,8.346768992,23464.0,31640.0,12207.0,5105.0,3684.0,3887.0,2532.0,0.1,3.491656294,4.52626365,11.53342431,52.72863606,Tech,AAPL,12.34351059642857
528,2010-03-31,6.4191656503442625,413973344.26229507,0.31,20.67741935,1.83,1.41,0.56,33.33,2.55,32.76,2.5,18.16,0.51,31.83,19.41,35.27,32.35,13.1,35.77,9.36,24796.0,35768.0,15683.0,6411.0,4725.0,4934.0,3378.0,0.13,3.50273224,4.546099291,11.44642857,53.93,Tech,AAPL,6.3789988548243555
529,2010-06-30,7.755142098365079,536929600.0,0.36,19.83333333,1.99,1.54,0.47,32.34,2.64,31.7,2.59,17.71,0.45,32.6,20.93,38.61,33.14,12.23,39.35,10.81,23155.0,39348.0,13499.0,5625.0,3979.0,4195.0,3074.0,0.12,3.587939698,4.636363636,15.19148936,57.06,Tech,AAPL,13.564409705986392
530,2010-09-30,7.91242119671875,1122974475.0,0.44,17.38636364,2.22,1.69,0.55,36.03,2.31,35.09,2.25,21.61,0.5,32.66,21.93,42.08,33.27,15.61,43.11,12.24,24288.0,43111.0,15700.0,6136.0,4234.0,4507.0,3253.0,0.13,3.445945946,4.526627219,13.90909091,64.73,Tech,AAPL,16.43179480825893
531,2010-12-31,9.482986748203125,464766662.5,0.54,15.98148148,2.52,1.86,0.64,41.68,2.01,40.63,1.96,27.39,0.57,33.76,22.34,46.71,34.46,20.72,47.79,14.01,25620.0,47791.0,20343.0,7512.0,5447.0,5776.0,4308.0,0.17,3.424603175,4.639784946,13.484375,75.18,Tech,AAPL,16.303711252709824
532,2011-03-31,10.523805710822579,160267167.7419355,0.64,15.328125,2.94,2.12,0.76,43.93,1.85,43.04,1.81,32.08,0.59,35.99,23.46,53.4,36.81,23.8,54.67,16.64,26977.0,54666.0,26741.0,10298.0,7827.0,8183.0,6004.0,0.23,3.336734694,4.627358491,12.90789474,86.74,Tech,AAPL,19.201404258497696
533,2011-06-30,10.278101103492064,329773288.8888889,0.75,14.13333333,3.36,2.37,0.89,47.0,1.93,46.07,1.89,33.43,0.54,37.77,24.32,60.23,38.64,24.33,61.48,19.55,29234.0,61477.0,24667.0,10218.0,7874.0,8308.0,5987.0,0.23,3.154761905,4.47257384,11.91011236,94.9,Tech,AAPL,18.895141278165532
534,2011-09-30,11.5840639621875,357209912.5,0.9,11.33333333,3.84,2.67,1.12,46.9,1.75,46.01,1.71,37.42,0.54,40.48,25.97,67.43,41.46,26.86,69.34,23.61,28395.0,69343.0,28571.0,11922.0,9379.0,9860.0,7308.0,0.28,2.65625,3.820224719,9.107142857,106.76,Tech,AAPL,13.946694780799106
535,2011-12-31,11.923456086190477,651086800.0,0.99,11.70707071,4.13,2.94,1.27,44.99,1.61,44.21,1.58,39.76,0.52,39.56,25.62,72.18,40.94,27.97,76.62,25.92,25952.0,76615.0,28270.0,11380.0,8710.0,9253.0,6623.0,0.25,2.8062954,3.942176871,9.125984252,116.37,Tech,AAPL,12.214564844904762
536,2012-03-31,15.333775058387097,179662000.0,1.25,9.848,4.86,3.45,1.56,54.77,1.58,53.54,1.55,48.63,0.54,44.35,28.89,85.69,46.2,34.61,90.05,32.98,30156.0,90054.0,46333.0,20703.0,17340.0,18061.0,13064.0,0.5,2.532921811,3.568115942,7.891025641,138.68,Tech,AAPL,12.711241496451615
537,2012-06-30,17.690415094603175,731038000.0,1.46,12.48630137,5.4,3.92,1.82,50.71,1.58,49.61,1.55,48.44,0.47,45.63,30.13,97.75,47.81,32.04,102.5,38.62,28538.0,102498.0,39186.0,18564.0,15384.0,16124.0,11622.0,0.44,3.375925926,4.650510204,10.01648352,150.93,Tech,AAPL,12.976234404861676
538,2012-09-30,19.550255457460317,421500800.0,1.52,11.67763158,5.64,4.26,1.73,51.94,1.57,50.82,1.54,51.15,0.46,42.14,28.22,106.29,44.36,33.06,111.75,40.13,27654.0,111746.0,35023.0,14994.0,11573.0,12408.0,8824.0,0.33,3.147163121,4.166666667,10.26011561,162.9,Tech,AAPL,12.971409531900225
539,2012-12-31,17.710058596774193,532194148.38709676,1.58,12.89240506,5.92,4.5,1.61,57.65,1.5,56.86,1.48,57.85,0.49,39.51,26.56,112.85,41.47,38.54,118.21,41.73,29129.0,118210.0,35966.0,14401.0,10944.0,11925.0,8223.0,0.31,3.440878378,4.526666667,12.65217391,176.06,Tech,AAPL,14.09743102362903
540,2013-03-31,14.364862442333333,354278400.0,1.5800000000000003,10.33544304,6.22,4.84,1.79,72.35,1.54,70.89,1.51,68.74,0.5400000000000001,36.32,24.34,121.5,38.09,46.88,127.35,41.75,39820.0,127346.0,54512.0,21060.0,17210.0,18798.0,13078.0,0.49,2.625401929,3.373966942,9.122905028,196.09,Tech,AAPL,12.844577881869048
541,2013-06-30,13.35676889109375,442839600.0,1.5,9.106666667,6.38,5.15,1.71,63.34,1.78,62.09,1.75,59.25,0.44,32.2,21.74,129.95,33.72,35.51,135.49,39.67,39137.0,135490.0,43603.0,16349.0,12558.0,14250.0,9547.0,0.36,2.141065831,2.652427184,7.988304094,194.74,Tech,AAPL,13.037056384638394
542,2013-09-30,14.494389384375,573040212.5,1.43,8.608391608,6.43,4.85,1.67,68.22,1.88,66.52,1.83,76.5,0.62,29.93,19.69,117.48,31.34,36.32,123.35,37.75,42606.0,123354.0,35323.0,13024.0,9201.0,10895.0,6900.0,0.27,1.914463453,2.53814433,7.371257485,199.86,Tech,AAPL,13.207878474062499
543,2013-12-31,16.61729684421875,228440231.25,1.42,10.49295775,6.5,4.91,1.74,73.29,1.68,71.52,1.64,83.45,0.68,29.06,18.57,117.79,30.44,43.66,123.55,37.04,40546.0,123549.0,37472.0,13871.0,10030.0,11813.0,7512.0,0.3,2.292307692,3.034623218,8.563218391,207.0,Tech,AAPL,14.194664614375
544,2014-03-31,16.830083080983606,252759672.13114753,1.44,12.25,6.73,5.19,1.77,80.35,1.49,78.23,1.46,95.5,0.74,28.93,17.92,123.56,30.3,53.77,129.68,37.03,40711.0,129684.0,57594.0,21846.0,17463.0,19607.0,13072.0,0.52,2.621099554,3.398843931,9.966101695000003,225.18,Tech,AAPL,16.71653415918033
545,2014-06-30,18.93717665873016,201445777.7777778,1.49,11.39597315,6.94,4.98,1.88,70.54,1.63,68.71,1.59,85.81,0.71,30.36,18.0,114.2,31.89,43.21,120.18,37.71,41350.0,120179.0,45646.0,17947.0,13593.0,15480.0,10223.0,0.42,2.446685879,3.409638554,9.031914894,205.99,Tech,AAPL,18.624235277142855
546,2014-09-30,21.9518798590625,255224581.25,1.55,13.3483871,7.12,5.05,1.98,67.95,1.47,66.36,1.44,101.58,0.84,31.2,17.92,114.8,32.79,46.21,120.94,38.56,37805.0,120940.0,37432.0,14735.0,10282.0,12228.0,7748.0,0.32,2.905898876,4.097029703,10.44949495,222.52,Tech,AAPL,21.058743583214287
547,2014-12-31,24.448245971875,197822400.0,1.61,14.0,7.4,4.75,2.05,68.53,1.08,66.42,1.05,120.29,1.08,32.76,17.85,102.79,34.71,63.45,111.55,39.51,25077.0,111547.0,42123.0,16009.0,11165.0,13134.0,8467.0,0.36,3.045945946,4.745263158,10.99512195,231.84,Tech,AAPL,24.680436234754463
548,2015-03-31,27.249057550819675,120655062.29508197,1.86,13.33870968,8.29,5.29,2.52,83.4,1.13,81.12,1.1,138.57,1.12,37.36,19.28,114.33,39.87,73.61,123.33,44.46,32463.0,123328.0,74599.0,29741.0,24246.0,26821.0,18024.0,0.77,2.992762364,4.689981096,9.845238095,261.89,Tech,AAPL,22.099921082388757
549,2015-06-30,28.977401794603175,188529701.58730158,2.02,13.8960396,8.92,5.6,2.74,67.89,1.16,65.5,1.12,132.19,1.03,39.44,19.56,120.23,42.29,58.73,129.01,47.81,33096.0,129006.0,58010.0,23656.0,18278.0,20757.0,13569.0,0.58,3.146860987,5.0125,10.24452555,261.19,Tech,AAPL,20.490165350226757
550,2015-09-30,26.68302103828125,198158350.0,2.17,13.09677419,9.52,5.51,2.97,70.95,1.09,68.91,1.06,147.47,1.17,41.46,19.74,116.85,44.68,65.29,125.68,50.74,34703.0,125677.0,49605.0,19681.0,14083.0,17167.0,10677.0,0.46,2.985294118,5.157894737,9.569023569,273.15,Tech,AAPL,20.545128808772322
551,2015-12-31,26.1161576215625,290452125.0,2.3,10.87826087,10.03,5.35,3.02,89.38,1.11,87.03,1.08,170.99,1.43,42.94,19.66,110.35,46.25,80.61,119.36,53.39,41601.0,119355.0,51501.0,20548.0,14623.0,17742.0,11124.0,0.5,2.494516451,4.676635514,8.284768212,290.35,Tech,AAPL,19.814108798794642
552,2016-03-31,22.88793957803279,102192072.13114753,2.36,10.19491525,10.25,5.78,2.79,76.22,1.0,73.77,0.97,165.02,1.29,42.79,19.22,119.14,46.06,76.09,128.27,53.73,38074.0,128267.0,75872.0,30423.0,24171.0,27125.0,18361.0,0.82,2.347317073,4.162629758,8.623655914,293.28,Tech,AAPL,21.953524911522248
553,2016-06-30,22.957451850625,181837518.75,2.25,11.12888889,10.04,5.95,2.49,87.59,1.28,85.31,1.25,174.82,1.34,40.24,17.44,121.37,43.34,68.27,130.46,50.68,55283.0,130457.0,50557.0,19921.0,13987.0,16464.0,10516.0,0.48,2.494023904,4.208403361,10.0562249,305.28,Tech,AAPL,39.68499582171875
554,2016-09-30,24.59736129640625,146083750.0,2.14,10.3271028,9.83,5.87,2.29,93.76,1.31,91.93,1.29,179.06,1.42,37.89,16.01,117.77,40.8,71.49,126.54,47.8,61756.0,126541.0,42358.0,16106.0,10105.0,12631.0,7796.0,0.36,2.248219736,3.764906303,9.650655022,305.6,Tech,AAPL,12.27776882888393
555,2016-12-31,26.480809680952383,143548000.0,2.07,12.69565217,9.74,6.01,2.43,106.87,1.35,104.74,1.33,193.44,1.51,35.59,14.91,119.63,38.24,79.01,128.25,45.69,67155.0,128249.0,46852.0,17813.0,11761.0,14309.0,9014.0,0.43,2.698151951,4.372712146,10.81481481,321.69,Tech,AAPL,12.882915427142859
556,2017-03-31,30.897530832903225,121740103.22580644,2.09,12.94736842,10.02,6.3,2.49,103.33,1.23,100.62,1.2,198.75,1.5,34.94,14.31,124.12,37.46,84.13,132.39,45.22,60452.0,132390.0,78351.0,30176.0,23359.0,26346.0,17891.0,0.84,2.700598802,4.295238095,10.86746988,331.14,Tech,AAPL,20.772507377119815
557,2017-06-30,34.83051075984127,85482666.66666667,2.14,15.75233645,10.25,6.44,2.53,101.99,1.39,99.08,1.35,200.45,1.5,35.09,14.15,125.99,37.52,73.34,134.08,45.73,67101.0,134082.0,52896.0,20591.0,14097.0,16429.0,11029.0,0.53,3.288780488,5.23447205,13.32411067,334.53,Tech,AAPL,21.601978456349208
558,2017-09-30,36.695633176349205,125997600.0,2.2,15.42272727,10.49,6.4,2.47,112.88,1.39,109.73,1.35,212.75,1.61,35.4,14.0,124.32,37.77,81.3,132.43,46.65,76759.0,132425.0,45408.0,17488.0,10768.0,13122.0,8717.0,0.42,3.234509056,5.3015625,13.73684211,345.17,Tech,AAPL,38.8605272271882
559,2017-12-31,39.67204151476191,105199200.0,2.3,15.85217391,10.86,6.54,2.46,128.65,1.28,123.79,1.23,241.27,1.8,36.29,13.95,134.05,38.04,100.81,134.05,48.35,74181.0,134047.0,52579.0,19931.0,13120.0,15604.0,10714.0,0.52,3.357274401,5.574923547,14.82113821,375.32,Tech,AAPL,35.8339719884127
560,2018-03-31,41.02770758491803,103999600.0,2.43,16.53497942,11.46,6.9,2.58,143.81,1.24,139.39,1.2,266.6,1.9,37.37,13.83,132.16,39.13,115.79,140.2,50.53,77153.0,140199.0,88293.0,33912.0,26274.0,29019.0,20065.0,0.97,3.506108202,5.823188406,15.57364341,406.79,Tech,AAPL,24.8426470306089
561,2018-06-30,43.39304554453125,153594000.0,2.59,15.44015444,11.97,6.42,2.67,130.05,1.46,122.39,1.37,240.62,1.9,39.97,14.27,126.88,41.22,89.32,126.88,53.32,87940.0,126878.0,61137.0,23422.0,15894.0,18633.0,13822.0,0.68,3.34085213,6.228971963,14.97752809,367.5,Tech,AAPL,11.917265570111612
562,2018-09-30,50.014125944920636,90950800.0,2.76,16.05072464,12.5,5.93,2.98,115.76,1.31,109.83,1.24,234.25,2.04,43.5,14.98,114.95,44.19,88.55,114.95,56.12,70970.0,114949.0,53265.0,20421.0,12612.0,15277.0,11519.0,0.59,3.544,7.470489039000001,14.86577181,349.2,Tech,AAPL,73.4921667322449
563,2018-12-31,46.708243960158725,92946933.33333333,2.97,18.25252525,13.14,5.63,3.21,131.34,1.13,127.38,1.1,258.58,2.41,48.68,15.99,107.15,49.49,115.93,107.15,59.53,66301.0,107147.0,62900.0,24084.0,16118.0,18872.0,14125.0,0.74,4.125570776,9.628774423,16.88785047,365.73,Tech,AAPL,66.57084151247166
564,2019-03-31,41.04495226819672,169165600.0,3.04,12.50328947,13.28,6.23,3.19,140.83,1.3,135.84,1.25,255.83,2.17,50.92,16.33,117.89,50.92,108.28,117.89,59.43,86427.0,117892.0,84310.0,32031.0,23346.0,26741.0,19965.0,1.05,2.862198795,6.101123596,11.915360500000002,373.72,Tech,AAPL,25.93899239042155
565,2019-06-30,47.32618870825397,94256000.0,2.97,15.47811448,13.35,5.74,3.12,123.35,1.32,118.46,1.26,236.14,2.23,51.29,15.98,105.86,51.29,93.77,105.86,57.17,80092.0,105860.0,58015.0,21821.0,13415.0,16455.0,11561.0,0.62,3.443445693,8.008710801,14.73397436,342.0,Tech,AAPL,22.966495834603176
566,2019-09-30,50.981817066875,124082487.5,2.93,16.41296928,13.57,5.32,3.06,134.97,1.51,131.62,1.47,225.78,2.34,52.13,15.87,96.46,52.13,89.7,96.46,55.7,94614.0,96456.0,53809.0,20227.0,11544.0,14477.0,10044.0,0.55,3.543846721,9.039473684,15.71568627,322.24,Tech,AAPL,29.121812205848215
567,2019-12-31,62.95103693046875,102075287.5,2.96,18.4527027,13.87,5.09,3.17,162.82,1.54,158.71,1.5,248.03,2.74,53.82,16.06,90.49,53.82,105.72,90.49,55.26,100557.0,90488.0,64040.0,24313.0,15625.0,18804.0,13686.0,0.77,3.937995674,10.73084479,17.23028391,338.52,Tech,AAPL,28.44531543238839
568,2020-03-31,72.14402457241935,144499270.96774194,3.17,22.65930599,14.61,5.1,3.54,163.23,1.6,159.13,1.56,251.09,2.8,60.18,17.13,89.53,60.18,102.16,89.53,57.53,107162.0,89531.0,91819.0,35217.0,25569.0,28385.0,22236.0,1.25,4.916495551,14.08431373,20.290960449999996,340.62,Tech,AAPL,27.36534848921659
569,2020-06-30,76.22568754222223,167383853.96825397,3.19,19.54545455,14.83,4.53,3.72,143.75,1.5,140.42,1.46,241.98,3.09,64.49,17.31,78.43,64.49,96.09,78.43,57.22,94051.0,78425.0,58313.0,22370.0,12853.0,15639.0,11249.0,0.64,4.204315577,13.76379691,16.76075269,320.4,Tech,AAPL,27.945420808639458
570,2020-09-30,107.56473278890626,130157503.125,3.29,27.25835866,15.33,4.22,4.03,140.07,1.47,136.09,1.43,245.06,3.39,70.66,17.75,72.28,70.66,95.32,72.28,58.42,93025.0,72282.0,59685.0,22680.0,13091.0,15843.0,11253.0,0.65,5.849967384,21.25118483,22.25310174,317.34,Tech,AAPL,33.39186037660714
571,2020-12-31,118.77432477812499,99336417.1875,3.26,34.99693252,15.58,3.85,4.19,143.71,1.36,139.65,1.33,258.55,3.96,75.15,17.63,65.34,75.15,105.39,65.34,57.41,90943.0,65339.0,64698.0,24689.0,14775.0,17477.0,12673.0,0.74,7.322849807,29.63376623,27.22911695,323.89,Tech,AAPL,36.95117518714285
572,2021-03-31,126.95071673442624,96275375.40983607,3.69,35.48780488,16.94,3.94,4.65,154.11,1.16,149.13,1.13,287.83,4.35,90.59,19.44,66.22,90.59,132.51,66.22,63.93,76826.0,66224.0,111439.0,44328.0,33534.0,36200.0,28755.0,1.68,7.730224321,33.23604061,28.16129032,354.05,Tech,AAPL,36.797005663536304
573,2021-06-30,128.3533833777778,85336728.57142857,4.46,27.06950673,18.92,4.15,5.29,121.47,1.14,116.25,1.09,267.98,3.87,111.8,22.91,69.18,111.8,106.39,69.18,76.31,69834.0,69178.0,89584.0,38079.0,27503.0,30300.0,23630.0,1.4,6.381078224,29.09156627,22.82230624,337.16,Tech,AAPL,35.19492622011337
574,2021-09-30,146.0757832484375,64713067.1875,5.11,26.53620352,20.35,3.88,5.58,114.42,1.06,109.25,1.01,265.56,4.13,131.01,25.82,64.28,131.01,107.75,64.28,86.8,61696.0,64280.0,81434.0,35255.0,24126.0,26958.0,21744.0,1.3,6.663390663,34.94845361,24.30107527,329.84,Tech,AAPL,34.239183807455355
575,2021-12-31,157.0422904515625,74370296.875,5.62,24.96441281,21.6,3.84,5.51,134.84,1.08,128.26,1.02,287.91,4.56,144.12,27.6,63.09,144.12,125.48,63.09,94.68,62639.0,63090.0,83360.0,35174.0,23786.0,26775.0,20551.0,1.23,6.49537037,36.53645833,25.46279492,351.0,Tech,AAPL,35.77078301071429
576,2022-03-31,167.32611084032257,60303003.22580645,6.04,29.19205298,22.59,4.4,6.12,153.15,1.04,147.28,1.0,309.26,4.3,149.81,28.75,71.93,149.81,147.57,71.93,100.56,63913.0,71932.0,123945.0,54243.0,41488.0,44185.0,34630.0,2.1,7.80522355,40.07272727,28.81045752,381.19,Tech,AAPL,35.481386242096775
577,2022-06-30,151.12388785901638,92633200.0,6.16,28.18181818,23.23,4.16,6.4,118.18,0.93,112.72,0.88,283.26,4.2,152.88,28.86,67.4,152.88,127.51,67.4,101.94,51511.0,67399.0,97278.0,42559.0,29979.0,32716.0,25010.0,1.52,7.473095136,41.73076923000001,27.125,350.66,Tech,AAPL,31.044403602646366
578,2009-03-31,15.03382778,34583400.0,1.174555352,16.22729762,4.846682856,4.63,1.977025585,15.61,1.96,0.0,0.0,21.87,0.95,21.77196839,11.89043922,2.111514351,7593.415319,7.97,23.08,5.936211439,12205.03735,24757.84294,6455.70317,5077.715668,2017.208908,2624.157727,1406.05306,0.282728716,3.702732491,3.371203181,10.33536709,54.01719911,Tech,ORCL,10.749064623333334
579,2009-06-30,16.313953172380952,36871066.666666664,1.1758774353650794,16.199765863174605,4.850760578698412,4.7871428571428565,2.0420770123968253,16.647142857142857,1.9844444444444445,0.0,0.0,21.904920634920636,0.9185714285714285,21.734030325873015,11.91411242126984,1.505005545952381,3241.80736931746,8.382063492063493,23.907619047619043,5.93948557363492,12351.341767460319,24997.802548253967,6597.235396349206,5288.735593460317,2320.247067111111,2890.547092174603,1575.3996104761904,0.31320440247619047,3.599388414650794,3.3547566357619045,9.893964724095238,54.02044651952381,Tech,ORCL,9.925217736084656
580,2009-09-30,18.1174837946875,36210825.0,1.17250097715625,16.19863090046875,4.82185499375,5.145625,2.223269529359375,20.506093749999998,2.2399999999999998,0.0,0.0,23.4596875,0.9059375,21.655762726875,11.92262205265625,0.99888878390625,-1485.0570345781248,9.153281250000001,25.791249999999998,5.916844236875,15229.640625,25786.90625,6268.078125,5145.1875,2509.296875,3008.015625,1639.328125,0.32078125,3.496420517546875,3.2924765714843747,9.173087429921875,53.70804863984375,Tech,ORCL,10.750565782700892
581,2009-12-31,18.6666527990625,19869726.5625,1.15691830825,16.254566614999998,4.686226276468751,5.3796875,2.34740479703125,24.721562499999997,2.7696875,0.0,0.0,26.3071875,0.9759375,21.9529915315625,11.7810591559375,2.260845432625,2747.12343640625,8.9434375,26.9815625,5.8380554453125,20640.28125,26977.875,5330.375,4292.125,1890.5625,2384.625,1238.8125,0.2440625,3.81328126415625,3.2654587009062497,8.875828567531249,53.322052406874995,Tech,ORCL,12.34351059642857
582,2010-03-31,20.652328773278686,15766326.229508197,1.138688524590164,17.069110833114756,4.637868852459016,5.637868852459016,2.0483606557377048,24.764918032786884,2.477377049180328,8.920983606557376,0.6259016393442622,27.661967213114757,0.979016393442623,21.905245901639343,11.254098360655737,0.85,-510.8677049180328,10.68672131147541,28.270655737704917,5.747213114754098,19541.622950819674,28267.918032786885,6063.868852459016,4846.081967213115,2051.688524590164,2578.72131147541,1356.5737704918033,0.26737704918032784,4.184345064573771,3.44239102947541,9.985262780557377,55.926393442622945,Tech,ORCL,6.3789988548243555
583,2010-06-30,20.197479671904762,26227255.555555556,1.147936507936508,17.632738095238093,4.938571428571429,5.910634920634921,1.591904761904762,25.034603174603177,1.7358730158730158,24.739047619047618,1.7158730158730158,30.484126984126984,1.0285714285714285,21.049523809523812,10.65936507936508,-0.4242857142857142,1982.9046031746032,14.403650793650792,29.67063492063492,5.827619047619048,17831.222222222223,29670.93650793651,7486.539682539683,5780.492063492064,2352.1428571428573,2972.8888888888887,1599.3174603174602,0.3138095238095238,4.107940361126984,3.425967333809524,12.718767076666667,60.154761904761905,Tech,ORCL,13.564409705986392
584,2010-09-30,20.33400511703125,31560734.375,1.21640625,15.5390625,5.4475,6.2953125,1.67,28.0696875,1.95484375,27.82625,1.938125,31.154375,0.983125,21.33828125,10.714218749999999,1.79125,727.958125,14.39796875,31.62984375,6.2121875,20164.75,31629.828125,8847.09375,6664.828125,2846.875,3551.5625,2031.9375,0.404375,3.475369533234375,3.0025360917812502,11.31119011890625,62.7875,Tech,ORCL,16.43179480825893
585,2010-12-31,24.5391588515625,26657756.25,1.2775,15.644125940625,5.9487499999999995,6.6178125,1.6803124999999999,31.105625,2.279375,30.875625000000003,2.269375,32.619687500000005,0.9825,21.178124999999998,10.6309375,3.5040625000000003,469.5884375,13.641875,33.314375,6.5043750000000005,24052.25,33315.6875,7873.25,5778.59375,2210.21875,2914.625,1530.0625,0.304375,3.35831742709375,3.0197913867812503,11.9104603284375,65.940625,Tech,ORCL,16.303711252709824
586,2011-03-31,27.240466856774194,28058325.80645161,1.3967741935483873,17.723398702741935,6.453225806451614,7.055806451612904,1.7630645161290324,32.623548387096776,2.609516129032258,32.375,2.5920967741935486,31.72967741935484,0.8929032258064517,21.80790322580645,11.090645161290322,6.133709677419355,283.10870967741937,12.575806451612902,35.66983870967742,7.121290322580646,24663.225806451614,35669.467741935485,8649.516129032258,6546.306451612903,2850.5,3556.532258064516,1961.258064516129,0.38483870967741934,3.8363150337419354,3.509191134451613,14.038597551290323,67.39951612903225,Tech,ORCL,19.201404258497696
587,2011-06-30,28.414952868730158,19414980.95238095,1.5658730158730159,18.143794404603174,6.81031746031746,7.536507936507936,1.9573015873015873,34.803174603174604,2.838095238095238,34.516190476190474,2.8115873015873016,31.545873015873013,0.83,23.037777777777777,12.021428571428572,8.53920634920635,165.9679365079365,12.296190476190477,38.173968253968255,7.996825396825397,25923.984126984127,38171.57142857143,9465.904761904761,7399.777777777777,3466.1111111111113,4161.174603174603,2497.6825396825398,0.48333333333333334,4.165793733730158,3.7674144687142856,14.530523246031747,69.71984126984128,Tech,ORCL,18.895141278165532
588,2011-09-30,24.822857558749998,21396184.375,1.69953125,16.18686101140625,7.0092187500000005,8.0121875,2.21515625,39.183125000000004,2.8387499999999997,38.89625,2.81875,33.07015625,0.816875,23.60703125,12.59171875,11.131875,121.7003125,13.81921875,40.57484375,8.71078125,29770.6875,40571.15625,9986.5,7878.234375,3809.0625,4501.265625,2759.796875,0.5346875,3.9178198430468747,3.4284590193125,12.494577796859375,73.64500000000001,Tech,ORCL,13.946694780799106
589,2011-12-31,26.006025677301587,26526093.65079365,1.78,13.976606729999999,7.123333333333334,8.24,2.4333333333333336,38.96666666666667,3.16,38.72,3.1399999999999997,31.96,0.77,23.46333333333333,12.866666666666667,12.206666666666667,97.21333333333332,12.396666666666667,41.583333333333336,9.146666666666667,31444.0,41581.666666666664,8513.333333333334,6536.0,2825.6666666666665,3532.0,1957.3333333333333,0.3833333333333333,3.4941429879999997,3.0193744160000002,10.224557176,73.54333333333332,Tech,ORCL,12.214564844904762
590,2012-03-31,24.510703732741934,23766651.612903226,1.8483870967741935,14.180313067096776,7.17483870967742,8.50290322580645,2.504838709677419,38.14645161290323,3.391290322580645,37.9441935483871,3.3712903225806454,30.80322580645161,0.7264516129032258,23.28774193548387,13.078064516129032,12.719032258064514,85.12516129032258,11.268709677419356,42.62483870967743,9.494838709677419,30561.354838709678,42621.48387096774,8879.645161290322,6940.677419354839,3184.0967741935483,3895.3870967741937,2300.5806451612902,0.45129032258064516,3.649841624419355,3.081646541387097,10.45906428967742,73.42451612903226,Tech,ORCL,12.711241496451615
591,2012-06-30,23.790712325873017,26973142.85714286,1.9233333333333333,12.637314093333334,7.233333333333333,8.79,2.5566666666666666,38.36666666666667,3.02,38.20333333333333,3.0033333333333334,32.14666666666667,0.74,23.336666666666666,13.256666666666668,11.683333333333334,82.22000000000001,12.883333333333335,43.54333333333334,9.82,30053.333333333332,43539.666666666664,9664.666666666666,7678.333333333333,3743.0,4488.333333333333,2815.6666666666665,0.5533333333333333,3.3571016126666664,2.764933803,9.498456295333332,75.68333333333334,Tech,ORCL,12.976234404861676
592,2012-09-30,26.63489490063492,20410173.015873015,1.9850793650793652,12.118753640634921,7.269047619047619,9.008095238095239,2.6001587301587303,39.46206349206349,2.6422222222222222,39.31206349206349,2.632222222222222,33.81174603174603,0.770952380952381,23.403174603174605,13.372222222222224,11.07,84.15349206349207,14.95873015873016,43.98444444444444,10.04031746031746,30956.777777777777,43981.142857142855,10091.15873015873,8059.142857142857,4077.4761904761904,4844.428571428572,3023.6507936507937,0.5985714285714285,3.3117575915238096,2.6721598645238096,9.248903479269842,77.79619047619047,Tech,ORCL,12.971409531900225
593,2012-12-31,27.075326273548388,19414258.06451613,2.052258064516129,13.347809184516128,7.341612903225807,9.079032258064517,2.640967741935484,39.12483870967743,2.9303225806451616,38.97161290322581,2.9203225806451614,33.92645161290323,0.779032258064516,23.718709677419355,13.537741935483872,11.073225806451612,88.49451612903225,13.440645161290323,43.63354838709678,10.30258064516129,32280.548387096773,43630.83870967742,8475.516129032258,6694.387096774193,3069.967741935484,3806.935483870968,2210.451612903226,0.44870967741935486,3.7300967464516126,3.016180627,10.373242185483871,77.56,Tech,ORCL,14.09743102362903
594,2013-03-31,30.0118806845,19918435.0,2.13,13.321676173333334,7.4766666666666675,9.186666666666667,2.606666666666667,40.983333333333334,3.356666666666667,40.806666666666665,3.3466666666666662,36.05333333333333,0.83,24.2,13.610000000000001,11.063333333333333,94.16,12.206666666666667,43.53666666666666,10.563333333333334,33599.0,43536.666666666664,9048.666666666666,7280.666666666667,3425.3333333333335,4145.666666666667,2555.3333333333335,0.5266666666666667,3.7952874556666667,3.088703186666667,10.884672926666667,79.58999999999999,Tech,ORCL,12.844577881869048
595,2013-06-30,28.627804994999998,16411978.125,2.1843749999999997,13.539370238125,7.5675,9.4175,2.70375,41.0025,3.356875,40.783125,3.34375,35.975625,0.81,24.36625,13.560625,11.070625,96.4975,12.216875,44.214999999999996,10.682500000000001,33034.8125,44213.4375,9579.5625,7745.4375,3854.625,4584.9375,2910.875,0.6075,3.9059057884375,3.1401726798125003,10.9389097775,80.1875,Tech,ORCL,13.037056384638394
596,2013-09-30,28.08945274296875,16714618.75,2.2787499999999996,12.640915850625,7.690625000000001,9.691875000000001,2.8625,42.868125,3.205625,42.625,3.185625,38.466875,0.856875,24.92,13.69125,10.519375,100.450625,13.38875,44.7875,10.976875,34368.5,44782.8125,10142.3125,8164.875,4335.3125,5078.25,3301.3125,0.696875,3.7448044253125,2.970520364625,10.076785716249999,83.2475,Tech,ORCL,13.207878474062499
597,2013-12-31,29.8758400978125,13324787.5,2.3298437499999998,12.329676035625,7.82921875,9.67921875,3.0328125,45.06296875,3.21203125,44.819531250000004,3.19203125,42.00984375,0.95015625,25.087500000000002,13.454687499999999,9.16578125,106.04390625,14.064062499999999,44.01625,11.07015625,38405.09375,44012.25,8668.296875,6919.078125,3049.203125,3788.953125,2309.78125,0.49953125,3.668724846203125,2.967689728859375,9.469264112765625,86.02609375,Tech,ORCL,14.194664614375
598,2014-03-31,33.19006585311475,12646457.37704918,2.088360655737705,16.015018000163934,8.749344262295082,9.886721311475409,2.78672131147541,44.3016393442623,3.3834426229508194,44.075081967213116,3.3634426229508194,41.225081967213114,0.9231147540983607,24.959344262295083,13.211147540983607,9.307540983606557,110.80803278688525,13.10311475409836,44.4727868852459,11.074098360655737,37060.40983606558,44468.44262295082,9286.016393442624,7490.0327868852455,3464.0491803278687,4186.508196721312,2557.1311475409834,0.56,3.69168149657377,3.234697238868853,11.902769427868853,85.6944262295082,Tech,ORCL,16.71653415918033
599,2014-06-30,35.980897934126986,13869300.0,1.7000000000000002,20.77450209666667,10.533333333333333,10.27,2.06,45.64333333333334,3.376666666666667,45.43333333333333,3.3566666666666665,41.82666666666667,0.9066666666666667,24.69666666666667,12.91,10.126666666666667,113.27000000000001,13.523333333333333,45.97666666666667,11.066666666666666,37756.333333333336,45972.333333333336,9978.333333333334,8150.666666666667,4014.3333333333335,4729.0,2925.3333333333335,0.6366666666666666,3.336150671,3.4213570496666663,17.266260783333333,87.79666666666667,Tech,ORCL,18.624235277142855
600,2014-09-30,35.509723425,12011537.5,1.89375,19.4446473090625,10.93734375,10.685781250000002,2.19046875,51.4309375,3.678125,51.2475,3.66140625,45.7665625,0.9590625,24.0728125,12.41578125,11.975,108.22109375000001,14.05859375,47.6075,10.95671875,43018.015625,47605.8125,10426.859375,8576.546875,4270.46875,4988.890625,3166.28125,0.6882812500000001,3.365716808796875,3.4452242650625,17.796318745625,93.3740625,Tech,ORCL,21.058743583214287
601,2014-12-31,35.80236417078125,9974375.0,2.0325,18.418331073125,10.045625,10.8378125,3.2065625,56.075937499999995,4.3465625,55.8921875,4.3365625,51.298125,1.0696875000000001,23.50375,11.9384375,10.8290625,103.483125,12.9021875,47.9403125,10.932812499999999,49249.96875,47941.65625,8940.4375,7184.5,3162.03125,3877.96875,2293.3125,0.5075000000000001,3.7270590099062497,3.4042627018125002,11.589878898437501,99.24187500000001,Tech,ORCL,24.680436234754463
602,2015-03-31,38.23662066885245,11045949.180327868,2.4,15.821038252295082,8.524426229508197,10.978524590163936,3.3891803278688526,51.76950819672131,4.116393442622951,51.53426229508196,4.1027868852459015,50.318360655737706,1.0463934426229509,22.91524590163934,11.471311475409836,7.3919672131147545,107.89508196721312,12.639180327868853,48.165573770491804,10.874754098360656,44388.2131147541,48167.57377049181,9500.262295081968,7600.901639344263,3484.655737704918,4207.196721311476,2499.4754098360654,0.56,4.4541666170327865,3.458360904803279,11.320136235081968,98.49393442622952,Tech,ORCL,22.099921082388757
603,2015-06-30,38.3992054047619,9832077.777777778,2.448888888888889,15.8498458515873,8.986507936507937,11.173333333333332,2.45968253968254,55.2115873015873,3.8561904761904766,54.92111111111111,3.836190476190476,54.30634920634921,1.1168253968253967,21.86111111111111,10.687142857142856,7.796507936507937,110.73587301587303,14.285873015873015,48.72904761904763,10.51920634920635,47475.444444444445,48729.65079365079,9808.20634920635,7855.126984126984,3592.5238095238096,4301.063492063492,2586.4920634920636,0.5774603174603175,4.334649927777778,3.4714710163968254,17.547459252857145,103.0384126984127,Tech,ORCL,20.490165350226757
604,2015-09-30,34.159412801562496,14208837.5,2.4875,14.79634307328125,9.7278125,11.241093750000001,1.8312499999999998,62.38875,4.08703125,62.0984375,4.067031249999999,61.928125,1.27640625,20.2578125,9.53671875,8.229375,114.643125,15.2690625,48.588125,9.795625,54880.53125,48586.125,9964.421875,7978.703125,3546.921875,4248.828125,2425.59375,0.54109375,3.7859015517500003,3.27655906521875,21.7358522365625,110.50953125,Tech,ORCL,20.545128808772322
605,2015-12-31,34.05892801265625,16280168.75,2.3628125,14.282894947499999,9.5834375,11.0690625,2.4165625,60.916875,4.115625,60.6703125,4.0990625,61.475625,1.3065625,19.5184375,8.941875,7.1440625,123.0740625,14.82625,47.1240625,9.396875,54694.21875,47123.4375,8635.34375,6784.3125,2757.46875,3415.40625,1901.6875,0.4378125,3.5201570428125,3.048087963875,14.046127717187499,108.5996875,Tech,ORCL,19.814108798794642
606,2016-03-31,33.15810588114754,10520188.524590164,2.2218032786885247,15.46531881852459,9.19327868852459,11.060491803278689,2.4668852459016395,58.06098360655737,4.465573770491803,57.831803278688525,4.451967213114754,59.576557377049184,1.2855737704918033,19.022459016393444,8.477704918032787,6.64655737704918,121.80918032786886,13.057540983606557,46.333606557377045,9.07016393442623,51769.49180327869,46333.44262295082,8999.852459016394,7151.901639344263,2980.967213114754,3610.0,2177.1639344262294,0.5063934426229508,3.734796569672131,3.099010857032787,14.21148707,105.90655737704918,Tech,ORCL,21.953524911522248
607,2016-06-30,35.8919005396875,13564514.0625,2.0437499999999997,16.7301713725,8.5209375,11.294375,2.92625,59.55875,4.4553125,59.348749999999995,4.43875,60.5640625,1.2909375,18.7759375,8.200312499999999,7.301875,121.0,13.679375,46.838437500000005,8.860625,52608.8125,46835.8125,9555.8125,7683.125,3350.46875,3959.0625,2373.34375,0.555,4.0132522990625,3.02693695696875,11.692379926875,107.3959375,Tech,ORCL,39.68499582171875
608,2016-09-30,36.7722388503125,7759246.875,2.0798437499999998,17.6244640703125,8.619375,11.59625,2.92953125,67.6371875,4.1271875,67.40421875,4.11390625,67.999375,1.42546875,18.98921875,8.16421875,7.97453125,122.9359375,16.53078125,47.803125,8.92953125,60151.421875,47803.78125,9938.078125,8053.90625,3532.578125,4099.171875,2492.453125,0.5845312500000001,4.252760027421875,3.1610725768125,12.5133521615625,115.80250000000001,Tech,ORCL,12.27776882888393
609,2016-12-31,35.428444877460315,7998652.380952381,2.09,17.75399126,8.723333333333333,11.733333333333334,2.986666666666667,71.21000000000001,4.6000000000000005,70.91666666666667,4.58,75.18,1.5633333333333335,18.89,7.903333333333333,4.5233333333333325,137.95333333333332,15.543333333333333,48.17,8.933333333333334,64999.333333333336,48169.666666666664,8741.666666666666,6958.666666666667,2773.0,3309.3333333333335,1898.6666666666667,0.44666666666666666,4.253947408666666,3.1631334079999998,12.423941103333332,123.34666666666666,Tech,ORCL,12.882915427142859
610,2017-03-31,37.87227642903226,11597051.612903226,2.0811290322580644,17.991210842096773,8.795967741935485,12.085483870967742,2.898387096774193,65.20483870967742,4.041612903225806,64.85887096774194,4.021612903225806,74.6116129032258,1.5040322580645162,18.40096774193548,7.517258064516129,-0.49032258064516127,191.6841935483871,16.14225806451613,49.655,8.857096774193549,58631.12903225807,49652.967741935485,9098.064516129032,7265.822580645161,3008.064516129032,3592.983870967742,2108.7903225806454,0.4985483870967742,4.256982434322581,3.097973486951613,12.95265931048387,124.26032258064515,Tech,ORCL,20.772507377119815
611,2017-06-30,41.617567395555554,12742307.936507937,2.134920634920635,18.672486769682543,8.88888888888889,12.647936507936508,2.7984126984126982,68.98174603174604,3.7958730158730156,42.705079365079364,2.7073015873015875,76.59142857142858,1.4704761904761905,18.414126984126984,7.3914285714285715,1.7042857142857144,279.48761904761903,18.719841269841268,52.147936507936514,9.105079365079366,61700.76190476191,52148.49206349206,9816.809523809523,7891.6349206349205,3418.904761904762,4096.9047619047615,2626.6190476190477,0.6242857142857143,4.484907526,3.1520683818571427,14.244884335238096,128.735873015873,Tech,ORCL,21.601978456349208
612,2017-09-30,45.59943105301587,9499000.0,2.2285714285714286,19.348555735555554,9.00857142857143,13.236984126984126,2.9017460317460317,74.14539682539683,3.2546031746031745,23.18095238095238,1.1460317460317462,79.63253968253969,1.4519047619047618,18.66920634920635,7.481746031746032,4.358095238095238,381.88936507936506,22.926031746031743,54.92301587301588,9.548412698412697,66338.0,54919.01587301587,10368.746031746032,8400.47619047619,3791.2380952380954,4502.936507936508,2966.4603174603176,0.7047619047619047,4.788329549190475,3.257779403333333,14.860522894603173,134.54873015873017,Tech,ORCL,38.8605272271882
613,2017-12-31,45.13645523317461,9430800.0,2.3026984126984127,19.999322914920633,9.095396825396826,13.535396825396825,2.9604761904761907,74.99396825396825,4.087142857142857,74.635873015873,4.063968253968254,78.89031746031746,1.4017460317460317,18.4615873015873,7.5246031746031745,6.28063492063492,364.0222222222222,18.725238095238097,56.34777777777778,9.82031746031746,68383.66666666667,56345.04761904762,9257.968253968254,7319.809523809524,2841.063492063492,3534.5238095238096,2166.222222222222,0.5063492063492063,5.062820825666667,3.401993144666667,15.553092746507936,135.23809523809524,Tech,ORCL,35.8339719884127
614,2018-03-31,45.927933928032786,14363895.081967212,1.8101639344262295,32.517492571475415,9.205081967213115,12.970327868852458,3.0295081967213116,78.26770491803279,4.8152459016393445,77.81049180327868,4.785245901639344,85.0316393442623,1.6042622950819672,14.308196721311475,5.820983606557377,3.9132786885245903,187.17311475409835,16.34377049180328,53.5355737704918,7.784590163934426,71192.70491803279,53536.262295081964,9618.95081967213,7646.55737704918,3134.0163934426228,3825.8032786885246,58.57377049180328,0.003606557377049198,4.990886245229508,3.5627151925081963,15.179982157377049,138.56721311475408,Tech,ORCL,24.8426470306089
615,2018-06-30,42.72643554203125,13503221.875,0.8396874999999999,54.7811417334375,9.31,11.7703125,3.2065625,77.21484375,4.21515625,51.895624999999995,2.8890625,90.27453125000001,1.88625,6.8328125,2.6603125000000003,-1.8971875,123.44312500000001,18.34734375,47.810625,3.63703125,69406.96875,47812.953125,10115.03125,8059.96875,3592.59375,4292.578125,-1644.140625,-0.39265625,4.929628759375,3.898892076265625,14.31440217375,138.08515624999998,Tech,ORCL,11.917265570111612
616,2018-09-30,45.2272872931746,12937738.095238095,0.8950793650793651,49.30559822238095,9.361269841269841,11.244444444444444,3.268253968253968,73.40047619047618,3.814126984126984,0.0,0.0,90.62111111111112,2.0576190476190477,7.174444444444444,2.653174603174603,-5.926507936507937,77.46444444444447,19.252698412698415,44.36380952380952,3.626190476190476,65099.52380952381,44367.11111111111,10464.809523809523,8356.063492063493,3743.904761904762,4451.333333333333,2971.095238095238,0.7376190476190476,4.713230340349206,3.9477573197777778,13.502183275238096,134.9879365079365,Tech,ORCL,73.4921667322449
617,2018-12-31,44.79460458952381,15757185.714285715,0.9571428571428572,47.631210907936506,9.561428571428571,9.646507936507938,3.395079365079365,63.973015873015875,3.24,0.0,0.0,89.02698412698413,2.4747619047619045,8.256349206349206,2.79031746031746,-13.66174603174603,-121.85873015873015,19.78920634920635,36.29809523809524,3.746190476190476,56866.11111111111,36299.380952380954,9304.285714285714,7336.809523809524,2875.4126984126983,3590.5873015873017,2285.5079365079364,0.582063492063492,4.760567946031746,4.746859903539683,13.405522462857142,125.3320634920635,Tech,ORCL,66.57084151247166
618,2019-03-31,47.81643482934426,14751873.770491803,1.6190163934426227,35.44402750508197,9.85672131147541,8.03016393442623,3.419672131147541,53.731475409836065,2.7483606557377045,0.0,0.0,86.55081967213115,3.0544262295081968,16.481639344262295,4.881967213114755,-21.029836065573768,-53.53377049180328,19.517868852459014,28.71213114754098,6.167540983606557,46168.360655737706,28708.16393442623,9579.901639344262,7587.508196721312,3203.590163934426,3920.3278688524592,2474.8360655737706,0.6616393442622951,4.744992340918032,5.894734390885246,13.68281654672131,115.26295081967213,Tech,ORCL,25.93899239042155
619,2019-06-30,51.01478643253968,9972633.333333334,3.1917460317460313,15.791909832222224,10.523492063492064,6.91936507936508,2.914285714285714,47.22952380952381,2.5992063492063493,0.0,0.0,85.56507936507937,3.627936507936508,32.706984126984125,8.898412698412699,-25.68984126984127,-66.24253968253967,18.1931746031746,23.643174603174604,10.766031746031747,39330.63492063492,23642.761904761905,10097.492063492064,8093.238095238095,3671.3809523809523,4416.507936507936,3060.873015873016,0.8457142857142858,4.639002514730159,7.0247778897142865,17.938859178571427,109.20825396825397,Tech,ORCL,22.966495834603176
620,2019-09-30,52.280971408125,8366531.25,4.12625,11.691572426875,11.579375,6.381875,2.3512500000000003,45.136875,2.415,0.0,0.0,86.61874999999999,4.088125,40.386875,9.6525,-27.599999999999998,-50.740625,18.708125,21.31625,11.0425,37163.5625,21318.0,10537.3125,8506.0625,3825.75,4578.5,3239.0625,0.905,4.16611324425,7.60083334,22.07585820375,107.935,Tech,ORCL,29.121812205848215
621,2019-12-31,52.34484124234375,7447303.125,4.11703125,12.31324658046875,11.78546875,5.53046875,3.186875,39.807500000000005,2.289375,0.0,0.0,85.58578125,4.75078125,47.99765625,10.044375,-30.413437499999997,-41.9803125,17.47234375,18.09140625,10.950156250000001,32993.6875,18089.09375,9347.9375,7361.078125,2977.40625,3726.75,2194.09375,0.6496875,4.29868482690625,9.22263932628125,16.14140395859375,103.67390625,Tech,ORCL,28.44531543238839
622,2020-03-31,49.30153416064516,12847548.387096774,3.754193548387097,13.745240400967742,11.808709677419355,4.9229032258064525,2.758387096774194,34.14967741935484,2.284838709677419,0.0,0.0,82.10387096774194,5.229032258064516,55.567741935483866,10.393225806451612,-32.428709677419356,-37.421290322580646,14.998064516129032,15.725161290322582,10.869677419354838,26881.225806451614,15722.290322580646,9678.58064516129,7660.387096774193,3305.4193548387098,4053.4193548387098,2403.2580645161293,0.7254838709677419,4.337039422709677,10.401425540645162,18.59711038645161,97.8225806451613,Tech,ORCL,27.36534848921659
623,2020-06-30,50.84216508412698,21041771.42857143,3.1520634920634922,15.49305278047619,11.632857142857143,4.514444444444445,3.0544444444444445,39.97015873015873,2.444285714285714,0.0,0.0,89.1184126984127,6.400952380952381,61.198412698412696,10.224603174603175,-33.618571428571435,-34.01079365079365,16.24984126984127,14.125714285714286,10.543492063492064,31864.0,14125.317460317461,10020.888888888889,8055.142857142857,3800.3809523809523,4539.3015873015875,2761.3174603174602,0.8528571428571429,4.194147729492063,10.878112630793652,16.087619834920634,103.24412698412699,Tech,ORCL,27.945420808639458
624,2020-09-30,54.74110370859375,12630706.25,3.12953125,16.867979575,11.855,3.8907812500000003,3.55265625,51.418124999999996,2.90859375,0.0,0.0,102.94640625,8.775625,68.316875,9.7103125,-35.5578125,-30.85390625,17.70859375,11.873437500000001,10.17609375,42801.71875,11871.421875,10087.921875,8148.125,3948.046875,4663.15625,2832.171875,0.88796875,4.452896820890625,13.749063439375002,14.85895209984375,114.81984375,Tech,ORCL,33.39186037660714
625,2020-12-31,57.6118140815625,7540418.75,2.9184375,19.355330783437502,11.12125,3.2087499999999998,3.1037500000000002,48.6715625,2.4915625,0.0,0.0,102.7190625,10.739687499999999,80.684375,9.621875,-37.5390625,-29.6003125,19.64375,9.6175,10.2946875,41011.9375,9616.125,9515.84375,7615.5625,3338.875,4050.1875,2316.65625,0.7475,5.0633937973125,17.3556827921875,19.18329327125,112.333125,Tech,ORCL,36.95117518714285
626,2021-03-31,62.90676704803278,11239603.278688524,2.8600000000000003,21.035030037868854,9.883114754098361,3.0745901639344266,2.5098360655737704,45.30360655737705,2.166229508196721,0.0,0.0,104.06573770491804,11.577704918032786,102.86852459016393,10.170983606557376,-37.848688524590166,-31.195737704918034,20.935245901639345,9.004590163934425,11.30377049180328,37564.03278688525,9000.967213114754,9907.459016393443,7977.508196721312,3694.2295081967213,4425.606557377049,3414.409836065574,1.1318032786885246,5.9219594655081975,19.02079577852459,24.077733744754095,113.06409836065573,Tech,ORCL,36.797005663536304
627,2021-06-30,76.38044884111112,15769365.07936508,3.7073015873015875,18.207434194126986,11.54936507936508,2.9074603174603175,4.3060317460317465,47.87111111111111,2.2088888888888887,0.0,0.0,114.29825396825397,14.671746031746032,137.1495238095238,11.369682539682541,-38.2363492063492,-35.22761904761905,21.615396825396825,8.35142857142857,13.15126984126984,39597.01587301587,8350.174603174602,10483.79365079365,8496.857142857143,4109.523809523809,4848.507936507936,4675.6349206349205,1.5647619047619048,5.8499870051746035,24.91405961253968,16.912412686825395,122.64968253968254,Tech,ORCL,35.19492622011337
628,2021-09-30,86.4821132421875,6389084.375,3.89296875,20.61496669125,13.02453125,1.2898437500000002,6.553125,52.797343749999996,2.2146874999999997,0.0,0.0,124.79578124999999,-21.89203125,186.9175,11.610312500000001,-42.628125,-35.388906250000005,23.80234375,3.626875,13.815624999999999,44177.0625,3628.21875,10735.140625,8620.046875,4175.46875,4929.109375,3515.203125,1.18921875,6.160260210421875,-45.5159809275,12.2448451853125,128.42265625000002,Tech,ORCL,34.239183807455355
629,2021-12-31,92.2652928828125,6864757.8125,3.4415625,26.8553098840625,13.533750000000001,-1.5134375,6.13,41.606249999999996,1.9059375,0.0,0.0,121.4753125,-76.1921875,452.644375,10.53875,-49.9921875,-30.3075,21.6296875,-4.0621875,12.6815625,33647.75,-4061.5,9945.25,7823.0,1965.71875,2723.40625,1183.75,0.40625,6.5011251975,-148.2185920796875,15.06331284125,117.41312500000001,Tech,ORCL,35.77078301071429
630,2022-03-31,79.8849730951613,9064487.096774194,2.534516129032258,33.18436668693548,14.276774193548386,-3.419677419354839,4.160645161290322,31.30258064516129,1.6017741935483871,0.0,0.0,116.67129032258065,-12.871290322580645,451.87258064516135,7.77983870967742,-54.76790322580646,-20.04741935483871,19.603387096774192,-9.12209677419355,9.258387096774193,23042.40322580645,-9121.209677419354,10416.758064516129,8235.870967741936,899.516129032258,1664.4516129032259,75.87096774193549,0.02225806451612901,5.8943107990483865,-24.525456432096778,20.18353330532258,107.54548387096776,Tech,ORCL,35.481386242096775
631,2022-06-30,72.5362874014754,7697913.1147540985,2.5411475409836064,29.03211168032787,14.953770491803278,-2.778360655737705,3.0568852459016393,31.66360655737705,1.5527868852459017,0.0,0.0,116.27311475409836,-16.105409836065572,-191.3739344262295,6.295737704918033,-52.841475409836065,-14.586557377049182,20.3972131147541,-7.410000000000001,7.284590163934426,22901.45901639344,-7410.016393442623,10947.754098360656,8671.065573770491,4044.622950819672,4837.983606557377,2603.9180327868853,0.9481967213114754,4.933819898836065,-27.168001242295084,26.70099213967213,108.85639344262295,Tech,ORCL,31.044403602646366
632,2009-09-30,12.65164685923077,1769971.7948717948,1.300122152,13.35978769,7.551044178,4.452833029,1.191002678,0.62,2.45,0.46,1.85,1.02,1.34,-12.88465037,-6.007103158,0.24791852500000003,-73.10214154,0.25,0.76,-0.041160759,254.0,758.0,363.0,141.0,24.0,65.0,2.0,0.01,2.215163965,3.005669178,11.81417842,1.971818348,Tech,AVGO,10.750565782700892
633,2009-12-31,11.89041647359375,450051.5625,1.34382474471875,13.874818556875,7.589099640375,4.4312863537187495,1.2006424983125,0.7775,1.7412500000000002,0.6174999999999999,1.3643750000000001,0.9609375,1.0446875,-10.8537860646875,-5.1493167105625,0.22959699296875,-105.335736154375,0.499375,0.94375,-0.04039901090625,397.0625,943.0625,405.65625,165.28125,11.53125,52.53125,-13.09375,-0.06218750000000001,2.2126944398125,2.99978564015625,11.7702357559375,1.970625057125,Tech,AVGO,12.34351059642857
634,2010-03-31,13.65559246590164,2397998.3606557376,1.2841704179508195,13.809367777540984,7.675652474196721,4.543934426229509,1.2342669667540982,0.6534426229508197,1.9759016393442623,0.48655737704918034,1.4336065573770491,0.668360655737705,0.6214754098360656,-4.192295081967213,-2.07672131147541,0.26819672131147543,-45.70426229508197,0.3683606557377049,1.0744262295081968,-0.019344262295081967,246.1639344262295,1072.360655737705,447.27868852459017,189.01639344262296,55.26229508196721,95.57377049180327,19.62295081967213,0.07901639344262296,2.1576319956557377,2.9846113122459017,11.783199928032786,1.7359016393442623,Tech,AVGO,6.3789988548243555
635,2010-06-30,15.479050802698413,1283103.1746031747,1.0778793476666666,12.551203476666666,7.825180666666666,4.886666666666667,1.2824765346666667,0.6733333333333333,2.4766666666666666,0.4966666666666667,1.8266666666666667,0.57,0.4933333333333333,6.56,3.763333333333333,0.37666666666666665,30.296666666666667,0.27,1.1633333333333333,0.07,218.66666666666666,1162.3333333333333,495.3333333333333,220.0,98.0,138.0,72.66666666666667,0.3,2.0826748396666668,2.9444110023333336,11.998701796666666,1.73,Tech,AVGO,13.564409705986392
636,2010-09-30,15.63423948015625,290953.125,0.957523505125,15.558834305000001,8.056287494921875,5.39953125,1.347069941515625,0.8240625,2.90578125,0.6440625,2.2590625,0.58671875,0.45640625,16.763906249999998,10.463906249999999,0.52078125,57.9103125,0.28671875,1.28734375,0.19062500000000002,330.578125,1289.359375,538.515625,253.15625,126.140625,166.140625,112.171875,0.45734375,2.017169884453125,2.918266286484375,11.943983734687501,1.8740625,Tech,AVGO,16.43179480825893
637,2010-12-31,18.541448593125,1005275.0,1.44390625,13.0068554834375,8.38859375,6.043593749999999,1.63203125,1.0178125,2.2940625,0.83109375,1.8590625,0.6303125,0.43328125,28.23921875,19.023125,0.69765625,74.808125,0.47812499999999997,1.4509375,0.35765625,497.34375,1448.5625,564.78125,271.734375,141.71875,182.390625,150.546875,0.6075,2.111304548484375,2.932126067859375,10.93380630203125,2.0812500000000003,Tech,AVGO,16.303711252709824
638,2011-03-31,22.644521959193547,1368675.8064516129,1.9067741935483868,10.76915384967742,8.740322580645161,6.59516129032258,1.7667741935483872,0.9680645161290323,3.2206451612903226,0.7712903225806451,2.5316129032258066,0.4332258064516129,0.27419354838709675,34.10387096774193,24.3141935483871,0.8616129032258065,76.74935483870968,0.34645161290322574,1.5980645161290323,0.47419354838709676,426.8709677419355,1599.1612903225807,557.0967741935484,272.61290322580646,142.96774193548387,183.96774193548387,133.51612903225808,0.5380645161290323,2.345461391129032,3.1074157537741933,11.612132808709678,2.031290322580645,Tech,AVGO,19.201404258497696
639,2011-06-30,24.926969497777776,993936.5079365079,2.126031746031746,11.26842197888889,8.931904761904763,7.111746031746032,2.1317460317460313,1.06015873015873,3.8195238095238095,0.8601587301587302,3.102857142857143,0.370952380952381,0.21365079365079367,34.63333333333333,26.002063492063492,1.026031746031746,68.20285714285716,0.28095238095238095,1.7423809523809524,0.5273015873015873,522.031746031746,1744.3333333333333,556.8253968253969,273.73015873015873,139.26984126984127,178.22222222222223,129.9206349206349,0.520952380952381,2.684527296111111,3.368652247126984,11.318405443492065,2.1133333333333337,Tech,AVGO,18.895141278165532
640,2011-09-30,24.96934351328125,2896587.5,2.228125,11.343506626875,9.08,7.51375,2.4856249999999998,1.19875,3.90625,0.99875,3.263125,0.39687500000000003,0.22,33.475625,26.24125,1.141875,59.80125,0.306875,1.8450000000000002,0.5537500000000001,670.25,1845.3125,589.5625,290.125,142.8125,182.1875,141.1875,0.5606249999999999,2.7832156383125,3.3645062698125,10.19178226925,2.2418750000000003,Tech,AVGO,13.946694780799106
641,2011-12-31,23.628775066349206,6106203.174603174,2.216666666666667,11.482895626666666,9.23,7.98,2.483333333333333,1.3366666666666667,3.97,1.1433333333333333,3.39,0.42666666666666664,0.22,31.136666666666667,25.336666666666666,1.2766666666666668,51.873333333333335,0.3366666666666666,1.9633333333333334,0.5533333333333333,787.3333333333334,1960.6666666666667,616.3333333333334,301.6666666666667,154.33333333333334,193.66666666666666,150.66666666666666,0.59,2.757405012,3.1921993206666666,10.255289062666666,2.39,Tech,AVGO,12.214564844904762
642,2012-03-31,26.243495972096774,3344667.7419354836,2.2135483870967745,11.597923438709678,9.313870967741936,8.30225806451613,2.5890322580645164,1.3764516129032258,4.244193548387097,1.1864516129032259,3.653548387096774,0.4129032258064516,0.2064516129032258,29.36,24.22258064516129,1.3638709677419356,46.31838709677419,0.3229032258064516,2.0303225806451612,0.5567741935483872,822.2258064516129,2029.032258064516,582.3548387096774,280.96774193548384,140.70967741935485,178.3548387096774,134.3548387096774,0.532258064516129,2.7563684998387097,3.0925157954838713,9.930279160903225,2.4432258064516126,Tech,AVGO,12.711241496451615
643,2012-06-30,25.525318115873016,1688123.8095238095,2.22,11.75282425015873,9.391428571428571,8.697619047619046,2.455238095238095,1.4655555555555555,4.281269841269841,1.255079365079365,3.664444444444445,0.42730158730158735,0.20682539682539683,28.004444444444445,23.149206349206352,1.4823809523809524,42.355873015873016,0.3441269841269841,2.1287301587301584,0.56,911.1428571428571,2126.6825396825398,572.5555555555555,275.46031746031747,135.4126984126984,173.0952380952381,131.14285714285714,0.5273015873015873,2.7781448551111114,3.0011372076984126,10.664967000634919,2.556031746031746,Tech,AVGO,12.976234404861676
644,2012-09-30,26.72052761809524,1361955.5555555555,2.2266666666666666,12.377913786666667,9.446666666666667,9.183333333333332,2.033333333333333,1.5566666666666669,4.493333333333333,1.3433333333333335,3.866666666666667,0.43333333333333335,0.19666666666666668,26.686666666666667,22.166666666666668,1.6233333333333333,38.89333333333334,0.3466666666666667,2.25,0.56,966.6666666666666,2248.3333333333335,596.3333333333334,289.3333333333333,145.0,184.33333333333334,141.33333333333334,0.5666666666666667,2.917599188666667,3.000821777,13.768233180000001,2.6833333333333336,Tech,AVGO,12.971409531900225
645,2012-12-31,25.349928086612902,1243622.5806451612,2.249838709677419,11.709695023225807,9.46,9.680645161290322,1.8303225806451613,1.652741935483871,4.7985483870967744,1.4559677419354837,4.214838709677419,0.4366129032258065,0.18338709677419354,25.595322580645163,21.406935483870967,1.7691935483870966,36.07048387096775,0.3466129032258064,2.375967741935484,0.56,1046.4032258064517,2374.967741935484,613.9354838709677,297.64516129032256,158.91935483870967,198.91935483870967,154.25806451612902,0.6130645161290322,2.7838607381129035,2.7255295712258065,14.380462081935484,2.8125806451612902,Tech,AVGO,14.09743102362903
646,2013-03-31,26.395263385,2099766.6666666665,2.26,11.872787612999998,9.485999999999999,10.097000000000001,1.875,1.7029999999999998,5.7284999999999995,1.5065,5.045,0.39449999999999996,0.16049999999999998,24.428,20.621,1.898,33.3865,0.3045,2.485,0.56,1127.55,2483.35,590.7,284.05,138.0,178.65,136.9,0.5455,2.8284258373499997,2.6564085425000004,14.3052775435,2.8795,Tech,AVGO,12.844577881869048
647,2013-06-30,26.71332442765625,2199023.4375,2.2009374999999998,11.704075076875,9.4540625,10.4596875,1.870625,1.7821875,5.7403125,1.5625,5.0296875,0.409375,0.1565625,22.706875,19.34875,1.9925,30.270625,0.3128125,2.5790625,0.546875,1195.625,2579.03125,566.8125,273.375,120.0625,161.71875,117.125,0.46718750000000003,2.7259786792500003,2.466991444875,13.7717215559375,2.9884375,Tech,AVGO,13.037056384638394
648,2013-09-30,29.57681211875,1453160.9375,2.156875,12.6689636684375,9.5153125,10.8621875,1.8696875,1.701875,4.7290625,1.4390625000000001,3.9996875,0.46281249999999996,0.173125,21.350937499999997,18.2690625,1.8887500000000002,28.664375,0.3628125,2.6887499999999998,0.54,985.375,2686.46875,615.8125,293.0,132.4375,177.0625,132.03125,0.5221875,2.8697119502812503,2.5125789204375,14.603815947187499,3.145,Tech,AVGO,13.207878474062499
649,2013-12-31,35.639348447656246,1761565.625,2.175625,15.2198271725,9.8546875,11.3815625,1.9120312499999998,1.7553125,4.3648437499999995,1.46890625,3.65328125,0.51203125,0.18,20.71453125,17.7265625,1.9353125,28.40359375,0.39921875,2.8325,0.5464062500000001,941.15625,2828.5,704.21875,330.90625,159.21875,213.546875,161.21875,0.6368750000000001,3.35679370221875,2.906127111671875,17.312767416875,3.3409375,Tech,AVGO,14.194664614375
650,2014-03-31,45.620438622622956,1485818.0327868853,2.209672131147541,18.33799462672131,10.334754098360655,11.845737704918033,2.0742622950819674,1.8462295081967215,4.8621311475409845,1.5562295081967215,4.106557377049181,0.49721311475409835,0.16688524590163933,20.19934426229508,17.262131147540984,2.085245901639344,28.23606557377049,0.37721311475409836,2.9555737704918035,0.5565573770491804,1068.27868852459,2955.5081967213114,718.983606557377,341.40983606557376,149.672131147541,207.36065573770492,147.08196721311475,0.5816393442622951,3.9171796924590168,3.4186430650655737,19.50786288655738,3.4527868852459016,Tech,AVGO,16.71653415918033
651,2014-06-30,52.46114028428571,1858711.111111111,2.3266666666666667,20.561107323333335,10.82,12.360000000000001,2.23,1.9733333333333332,4.963333333333333,1.6766666666666665,4.220000000000001,0.5066666666666667,0.16,20.416666666666668,17.436666666666667,2.2566666666666664,28.91,0.39999999999999997,3.0966666666666667,0.5933333333333334,1222.6666666666667,3100.0,703.6666666666666,351.0,153.0,212.66666666666666,150.0,0.5833333333333334,4.422291612333333,3.871199675,21.454564083333334,3.603333333333333,Tech,AVGO,18.624235277142855
652,2014-09-30,61.288842618125,1889392.1875,1.5859375,38.215288998125004,12.6075,12.3596875,2.676875,3.2178125,4.365,2.7996875,3.7762499999999997,4.8775,1.5709375,13.578437500000001,9.8334375,-0.5018750000000001,27.6559375,0.76125,3.1171875,0.4065625,1277.34375,3117.25,1073.75,380.625,-51.3125,142.90625,-53.3125,-0.216875,4.26507062690625,4.3313993211875,20.147075975625,7.9946874999999995,Tech,AVGO,21.058743583214287
653,2014-12-31,70.365446209375,1914034.375,1.0546875,61.50154186296875,15.40109375,12.57390625,2.8771875000000002,3.84,3.8914062499999997,3.3343749999999996,3.3714062499999997,7.21765625,2.26515625,8.94828125,4.48515625,-1.97359375,143.34890625,0.99125,3.1896875000000002,0.274375,1486.484375,3190.890625,1474.640625,646.046875,134.609375,394.125,27.546875,0.08671875,4.148051787765626,5.0768556281718755,22.23000340109375,10.40734375,Tech,AVGO,24.680436234754463
654,2015-03-31,90.61954585934426,1793406.5573770492,1.4806557377049179,55.00546737213114,18.57360655737705,13.697704918032787,3.239672131147541,4.0147540983606556,4.499180327868852,3.5081967213114753,3.9321311475409835,7.129016393442623,2.0450819672131146,12.593934426229508,4.912622950819673,-1.593606557377049,26.011147540983604,0.9057377049180327,3.5021311475409833,0.4078688524590164,2252.6065573770493,3501.7704918032787,1620.2459016393443,813.5409836065573,368.21311475409834,609.0819672131148,280.1803278688525,1.0108196721311475,4.196416689377049,5.682238121540983,24.061427561147543,10.631147540983607,Tech,AVGO,22.099921082388757
655,2015-06-30,103.86926523714286,1964426.9841269841,2.12,42.95368885333333,21.569999999999997,15.153333333333332,4.173333333333334,4.086666666666666,4.616666666666666,3.5933333333333333,4.06,6.67,1.71,17.536666666666665,6.056666666666667,-1.0166666666666666,-49.78666666666667,0.89,3.916666666666666,0.6066666666666667,2528.3333333333335,3916.6666666666665,1621.0,839.3333333333334,412.3333333333333,648.0,346.3333333333333,1.2266666666666668,4.177068739333333,5.939971751333333,21.790405503333336,10.586666666666666,Tech,AVGO,20.490165350226757
656,2015-09-30,100.43294251625,3317546.875,3.2978125,31.2786345215625,23.21625,15.5975,4.9503125,3.4828125,3.7321875,2.9796875,3.19875,5.9712499999999995,1.419375,24.988125,8.9159375,-0.885625,-69.7375,0.93625,4.204375,0.9325000000000001,1750.6875,4205.375,1693.40625,870.9375,339.90625,592.0,275.75,0.9671875,4.239049998125,6.31189788065625,19.916404454062498,10.175625,Tech,AVGO,20.545128808772322
657,2015-12-31,103.64183151875,3020921.875,4.4596875,22.7025426496875,23.95375,16.5478125,6.0590625000000005,3.5571875,3.3496875,3.0406250000000004,2.8590625,5.7690624999999995,1.264375,31.1290625,12.1040625,-0.47375,-134.63125,1.0615625,4.5621875,1.2603125000000002,1661.125,4565.15625,1803.90625,958.15625,440.09375,696.15625,364.03125,1.299375,4.17423335796875,6.05412830415625,16.717980036874998,10.3378125,Tech,AVGO,19.814108798794642
658,2016-03-31,108.16332782754098,18658462.295081966,4.827540983606558,21.87859819819672,24.32524590163934,17.98950819672131,6.468032786885246,3.9045901639344263,4.220655737704918,3.4052459016393444,3.6818032786885246,5.703606557377049,1.1404918032786886,31.2472131147541,13.228360655737706,0.1662295081967213,-286.2665573770492,0.940983606557377,4.992295081967214,1.380655737704918,2060.9180327868853,4994.229508196721,1792.4918032786886,958.4426229508197,487.1475409836066,737.016393442623,393.1967213114754,1.3747540983606557,4.341886304983607,5.871105343278689,16.336469981803276,10.699016393442623,Tech,AVGO,21.953524911522248
659,2016-06-30,122.25298774687501,10869234.375,1.9979687499999998,137.92396652046875,26.314843749999998,44.774375,5.74125,5.7975,3.2057812500000002,4.649062499999999,2.64921875,21.10640625,1.2075,9.01609375,3.9071875,-12.623906250000001,-110.57656250000001,2.06265625,16.971875,0.36203124999999997,2083.0,16973.546875,2960.21875,1011.546875,-516.6875,272.171875,-673.140625,-1.6025,4.3807001056093755,3.31366095525,20.273242500625,38.078281249999996,Tech,AVGO,39.68499582171875
660,2016-09-30,134.6656699109375,2885406.25,-0.48312499999999997,-31.988719025,29.319375,57.045,5.5512500000000005,6.25,2.31375,4.89,1.811875,27.6875,1.225625,-3.8575,-1.731875,-18.368750000000002,5.930625,2.705,22.58125,-0.51125,1986.0,22584.625,3713.5625,1552.0,-494.3125,569.0,-575.5,-1.459375,4.3623893001875,2.243231406875,23.029015499375,50.26875,Tech,AVGO,12.27776882888393
661,2016-12-31,139.98505243968253,2235861.904761905,5.846666666666667,-34.92338489333333,37.34666666666667,55.54333333333334,8.233333333333333,6.77,2.2866666666666666,5.4,1.82,27.81,1.2566666666666666,-8.06,-3.603333333333333,-17.98,10.933333333333334,2.9633333333333334,22.086666666666666,-1.3866666666666667,2718.3333333333335,22085.333333333332,4021.3333333333335,2041.3333333333333,166.0,994.6666666666666,-520.6666666666666,-1.8433333333333335,3.7278865629999998,2.4672988289999997,17.577210023333333,49.89666666666666,Tech,AVGO,12.882915427142859
662,2017-03-31,167.3139552483871,2937791.935483871,11.691935483870967,13.510592697419357,41.49290322580645,54.96387096774193,10.603548387096774,7.2790322580645155,3.092258064516129,5.919677419354838,2.5170967741935484,27.76483870967742,1.2596774193548386,-8.810322580645161,-3.920645161290323,-17.1341935483871,11.199032258064516,2.429677419354839,21.968064516129033,-1.8348387096774192,3394.3870967741937,21966.774193548386,4138.032258064516,2055.8387096774195,465.6774193548387,1454.4516129032259,-41.96774193548387,-0.3848387096774194,3.7616628742258063,2.8414839603225803,14.723813527419354,49.73290322580645,Tech,AVGO,20.772507377119815
663,2017-06-30,189.33048405396823,2153977.777777778,14.107142857142858,12.557446000634922,42.08031746031746,55.014920634920635,11.983015873015873,8.132222222222223,3.9279365079365083,6.813174603174604,3.290952380952381,27.54015873015873,1.236031746031746,-3.3285714285714283,-1.477142857142857,-15.796190476190478,4.184285714285714,2.071111111111111,22.24047619047619,-0.7415873015873016,4177.142857142857,22242.571428571428,4174.619047619048,1983.5396825396826,483.6507936507937,1659.4285714285713,379.3809523809524,0.9052380952380953,4.2061006380793655,3.217788050222222,14.773581705555555,49.78063492063492,Tech,AVGO,21.601978456349208
664,2017-09-30,202.59753393968253,2726580.9523809524,5.449365079365079,123.44150749365079,40.52412698412699,55.494126984126986,11.75936507936508,9.473333333333333,4.368888888888889,8.081428571428571,3.7288888888888887,27.325714285714284,1.2095238095238097,1.258888888888889,0.5647619047619048,-14.39031746031746,-1.7857142857142858,2.166031746031746,22.585714285714282,0.2823809523809524,5133.126984126984,22589.396825396827,4376.333333333333,2094.0793650793653,592.7619047619048,1803.3650793650793,467.984126984127,1.1114285714285714,4.890914455571428,3.5626045225873013,16.86672442269841,49.91142857142857,Tech,AVGO,38.8605272271882
665,2017-12-31,213.9593907873016,4410766.666666667,3.1809523809523808,94.74717632952381,40.19555555555556,56.34777777777778,13.165555555555557,13.766666666666666,5.638412698412699,12.33015873015873,5.037460317460318,29.836666666666666,1.2976190476190477,5.708571428571428,2.5307936507936506,-12.90174603174603,-8.695079365079364,2.4217460317460318,23.01888888888889,1.284920634920635,9194.317460317461,23017.68253968254,4710.952380952381,2301.285714285714,709.8253968253969,1915.4126984126983,514.1904761904761,1.2180952380952381,5.340874042746031,3.809900737095238,16.408080443492064,52.855555555555554,Tech,AVGO,35.8339719884127
666,2018-03-31,208.71792903114755,4737904.918032787,9.43377049180328,29.01700915672131,37.6727868852459,66.02770491803278,9.866721311475409,12.80360655737705,5.8927868852459016,11.461967213114754,5.260327868852459,27.446393442622952,1.0418032786885247,23.290163934426225,10.795409836065573,-11.458196721311475,-42.26540983606557,2.1627868852459016,27.052295081967213,5.617868852459017,8497.11475409836,27051.573770491803,5160.7213114754095,2543.655737704918,874.1475409836065,2063.655737704918,4268.393442622951,10.020655737704917,5.641953779655737,3.2607424012295083,23.204385556065574,54.498688524590165,Tech,AVGO,24.8426470306089
667,2018-06-30,206.307749271875,3308318.75,12.06265625,16.46130927453125,40.24453125,72.6903125,6.679062500000001,12.05984375,5.81421875,10.81015625,5.20796875,23.719843750000003,0.76578125,37.8821875,18.603437500000002,-8.436875,-85.41296875,2.07078125,31.08890625,9.883750000000001,7822.453125,31087.21875,5116.703125,2576.265625,1116.34375,2152.53125,4542.25,10.39390625,4.9725674345468756,2.734450690578125,29.9317199446875,54.808749999999996,Tech,AVGO,11.917265570111612
668,2018-09-30,191.070561,6001658.73015873,13.126666666666667,14.574097586666666,43.54333333333334,68.83,7.513333333333333,9.956666666666667,4.61,8.733333333333334,4.043333333333333,22.903333333333336,0.7966666666666666,41.50666666666667,21.366666666666667,-9.776666666666667,-107.73333333333335,2.1666666666666665,28.99,11.440000000000001,5486.333333333333,28990.333333333332,5046.666666666667,2596.3333333333335,1293.0,2257.6666666666665,2036.6666666666667,4.583333333333333,4.377051527,2.7715413356666665,25.824419263333333,51.89333333333333,Tech,AVGO,73.4921667322449
669,2018-12-31,202.6878485285714,4561312.698412699,14.632380952380952,13.048333624126982,45.86079365079365,65.75253968253968,10.11920634920635,8.96031746031746,3.929206349206349,7.797460317460318,3.4136507936507936,23.26920634920635,0.8653968253968254,42.26253968253968,22.784126984126985,-11.038253968253967,-118.32809523809524,2.2852380952380953,26.9484126984127,12.048253968253968,4235.047619047619,26947.238095238095,5304.9047619047615,2819.6349206349205,1537.7301587301588,2504.6349206349205,1144.5714285714287,2.7544444444444443,4.156616168825397,2.897892765269841,19.253338527936506,50.21126984126984,Tech,AVGO,66.57084151247166
670,2019-03-31,235.2217900032787,2904503.2786885244,14.930819672131147,14.63985212852459,48.32475409836066,60.95311475409836,10.735081967213116,10.087049180327869,2.1754098360655734,8.996393442622951,1.9214754098360656,40.13885245901639,1.6865573770491802,30.231803278688524,15.53360655737705,-26.692131147540984,-68.49508196721311,6.280983606557377,24.404262295081963,8.482950819672132,4817.245901639344,24405.852459016394,5670.229508196721,3114.0163934426228,932.655737704918,2222.622950819672,692.7049180327868,1.6914754098360656,4.51089232447541,3.60730636457377,20.420529331639344,64.53967213114754,Tech,AVGO,25.93899239042155
671,2019-06-30,255.0085388603175,1826844.4444444445,10.34,28.112309073333336,50.373333333333335,56.59666666666667,18.143333333333334,10.653333333333332,1.2633333333333334,9.603333333333333,1.1333333333333333,48.79,2.17,17.23,7.61,-34.760000000000005,-23.60333333333333,8.450000000000001,22.52,4.48,5249.666666666667,22522.666666666668,5607.666666666667,3128.6666666666665,831.6666666666666,2282.6666666666665,617.6666666666666,1.4666666666666666,5.2150564710000005,4.659631145666666,15.83957602,71.31666666666666,Tech,AVGO,22.966495834603176
672,2019-09-30,251.203082796875,1189900.0,7.45375,35.4200097415625,52.1221875,54.559375,22.544375,10.824375,1.299375,9.7515625,1.1628125,48.425,2.2328125,13.1921875,4.9453125,-34.273125,-12.0590625,8.355625,21.7303125,3.1550000000000002,5415.9375,21732.96875,5515.6875,3052.90625,901.09375,2350.0625,706.75,1.6859374999999999,5.06243535690625,4.83031228296875,11.7064996909375,70.1653125,Tech,AVGO,29.121812205848215
673,2019-12-31,270.7700445734375,1517828.125,6.680781250000001,38.886775399375,53.453125,59.565000000000005,22.506875,10.2721875,1.396875,9.31671875,1.26328125,44.602031249999996,1.9040625,12.11734375,4.1015625,-31.02984375,-8.94734375,7.3959375,23.70375,2.80421875,5201.265625,23705.46875,5682.203125,3109.59375,986.078125,2437.359375,780.984375,1.87015625,4.847270651500001,4.36902281665625,11.514525140625,68.30937499999999,Tech,AVGO,28.44531543238839
674,2020-03-31,253.92525826774192,1988703.2258064516,6.188709677419355,43.68686267580645,53.95596774193548,61.611935483870965,22.59774193548387,11.368225806451612,1.5259677419354838,10.448548387096773,1.395967741935484,51.86758064516129,2.1133870967741935,11.191129032258065,3.6251612903225805,-36.762903225806454,-7.580967741935484,7.4554838709677425,24.563064516129035,2.594193548387097,5973.532258064516,24562.08064516129,5830.225806451613,3226.064516129032,829.1612903225806,2463.6774193548385,482.7258064516129,1.153225806451613,5.0031362765967735,4.383498765322581,11.944538348548388,76.43064516129031,Tech,AVGO,27.36534848921659
675,2020-06-30,256.4771043126984,2641290.476190476,5.746666666666666,44.74847136,54.46666666666667,60.06333333333334,23.673333333333336,13.516666666666667,1.9633333333333336,12.57,1.8199999999999998,57.28666666666667,2.38,10.196666666666667,3.243333333333333,-39.803333333333335,-6.776666666666666,6.98,24.083333333333332,2.4000000000000004,8286.0,24084.0,5780.666666666667,3214.0,748.6666666666666,2478.0,429.0,1.0266666666666666,4.7244957906666665,4.281061499333334,10.889761233333333,81.37,Tech,AVGO,27.945420808639458
676,2020-09-30,310.045078753125,2375668.75,5.419375,51.356471430312496,55.09375,58.7396875,25.019375,13.865625,2.0812500000000003,12.8303125,1.9246874999999999,56.3828125,2.38375,9.433125,2.9590625,-38.652187500000004,-6.208125,6.665625,23.690625,2.264375,8977.3125,23689.34375,5793.84375,3272.34375,924.8125,2647.59375,570.6875,1.35375,5.03872105903125,4.73179317871875,11.0850445603125,80.0734375,Tech,AVGO,33.39186037660714
677,2020-12-31,364.19186305625,1946809.375,5.96,52.944521943125,56.3303125,58.5396875,26.8384375,12.511875,1.9284375,11.4778125,1.7684374999999999,53.325,2.2453125000000003,10.473437500000001,3.1884375,-37.0096875,-6.601249999999999,6.4834375,23.763437500000002,2.5121875,8043.90625,23765.03125,6244.9375,3598.84375,1347.9375,3072.84375,1031.375,2.4475000000000002,5.58715245503125,5.3782250240312495,11.726452264999999,77.0884375,Tech,AVGO,36.95117518714285
678,2021-03-31,435.5944654131148,2096668.8524590165,7.880491803278688,50.10773165163934,57.97163934426229,58.728852459016395,28.741147540983608,13.552459016393444,2.0559016393442624,12.583770491803278,1.9027868852459016,52.7072131147541,2.2006557377049183,14.028688524590164,4.251967213114754,-35.35475409836065,-8.907377049180328,6.590327868852459,23.938852459016392,3.348524590163935,8949.606557377048,23942.16393442623,6596.44262295082,3888.1475409836066,1740.1311475409836,3333.8688524590166,1287.1803278688524,3.0250819672131146,6.780474938836066,6.701288602114754,13.660441437704918,76.64606557377049,Tech,AVGO,36.797005663536304
679,2021-06-30,439.8273145904762,1700523.8095238095,10.02,43.31427245,59.56333333333333,58.513333333333335,29.700000000000003,14.266666666666667,2.1866666666666665,13.276666666666666,2.0366666666666666,52.06,2.1766666666666667,17.94,5.526666666666666,-34.02666666666667,-11.82,6.523333333333333,23.950000000000003,4.279999999999999,9529.333333333334,23950.333333333332,6625.0,4022.0,1929.0,3442.6666666666665,1379.3333333333333,3.2166666666666663,7.215454306,7.344865522666667,14.470000736666666,76.00333333333333,Tech,AVGO,35.19492622011337
680,2021-09-30,465.1872315421875,1256584.375,12.57765625,36.3512618521875,61.46046875,58.85359375,30.467656249999997,15.18390625,2.344375,14.073125000000001,2.17421875,51.55640625,2.133125,22.451562499999998,7.05515625,-32.41421875,-15.55453125,6.4803125,24.208750000000002,5.3828125,10584.265625,24208.421875,6722.875,4151.0625,2076.453125,3579.78125,1675.671875,3.9046875,7.37893850646875,7.706674477328125,14.885234206875,75.76187499999999,Tech,AVGO,34.239183807455355
681,2021-12-31,541.6207280171875,1424625.0,14.50125,34.21755155859375,63.396562499999995,59.99375,30.94828125,16.27828125,2.56453125,15.02421875,2.364375,50.91515625,2.05953125,25.67953125,8.18125,-30.5096875,-18.83171875,6.3521875,24.7565625,6.2201562500000005,11815.84375,24757.90625,7200.609375,4493.296875,2431.703125,3933.359375,1877.25,4.36796875,7.82185717521875,8.266108471109376,16.026882473906248,75.67171875,Tech,AVGO,35.77078301071429
682,2022-03-31,576.048094717742,2575222.580645161,16.720645161290324,32.92860337645161,65.65935483870967,57.4458064516129,31.646129032258063,15.743225806451614,2.504516129032258,14.294193548387097,2.274193548387097,50.372903225806446,2.1383870967741934,29.75516129032258,9.526774193548386,-30.449354838709677,-22.57774193548387,6.286774193548387,23.61193548387097,7.178387096774194,10846.09677419355,23611.225806451614,7609.548387096775,4916.419354838709,2938.0,4294.032258064516,2241.8709677419356,5.2222580645161285,8.366207326709677,9.595419141935485,17.359505881935483,73.97806451612902,Tech,AVGO,35.481386242096775
683,2022-06-30,549.1325153311476,2746734.426229508,19.307704918032787,28.62952021704918,68.92688524590164,53.06934426229508,33.207049180327864,14.983770491803279,2.2383606557377047,13.36295081967213,1.998360655737705,50.59606557377049,2.3445901639344258,35.14786885245901,11.118852459016393,-31.502950819672133,-26.504426229508198,6.70672131147541,21.619016393442624,8.269344262295084,9403.032786885246,21620.377049180326,7972.836065573771,5311.131147540984,3300.2295081967213,4571.770491803279,2476.6393442622953,5.818524590163935,7.982848221606558,10.361605748852458,16.571891597213114,72.21180327868852,Tech,AVGO,31.044403602646366
684,2009-03-31,2.262259007,80527200.0,-0.214520378,-31.62643139,1.024931498,1.11,0.067298311,2.17,2.78,1.63,2.09,0.96,0.4,-25.03173662,-16.62735005,1.877015156,-35.25935118,0.78,2.4,-0.580315445,1298.459786,2369.301968,609.5889454,118.447775,-223.51555,-171.8666831,-193.8917377,-0.083454632,2.190345163,2.502709251,26.99731251,3.233105601,Tech,NVDA,10.749064623333334
685,2009-06-30,2.4835759136825395,84895479.36507936,-0.22796817333333336,-36.94033265,1.0658762966666666,1.0766666666666667,0.06450923633333333,2.07,2.8466666666666667,1.67,2.3033333333333337,0.8933333333333333,0.38,-25.694156066666665,-17.20448786333333,1.8553639993333333,-35.1601206,0.7266666666666667,2.3466666666666667,-0.6222346103333334,1324.8199286666666,2335.767322666667,645.8629818,166.14925833333334,-228.50518333333332,-177.28889436666665,-198.63057923333332,-0.08781821066666666,2.1912502256666664,2.5272436963333336,26.48718091,3.2677163976666668,Tech,NVDA,9.925217736084656
686,2009-09-30,3.0900286883437498,59681437.5,-0.23407089034375,-34.521321685625,1.14981431128125,1.0403125,0.06220670296875,2.1184374999999998,2.5846875000000002,1.8212499999999998,2.2196875,0.9846875,0.435625,-24.21379950375,-16.4671060684375,1.84383857040625,-31.9444488675,0.8246875,2.2740625,-0.60096145459375,1422.0,2271.75,738.15625,168.34375,-151.59375,-101.90625,-138.0,-0.06375,2.16732081134375,2.532831882125,26.9763790828125,3.33145766865625,Tech,NVDA,10.750565782700892
687,2009-12-31,3.2820756175,55749712.5,-0.1853500190625,-22.232025976875,1.24011375796875,1.069375,0.0802825608125,2.2946874999999998,2.574375,2.0146875,2.264375,1.0434375,0.44375,-17.6769913165625,-12.30739801625,1.9002559938124999,-22.761450682812498,0.89,2.3615625,-0.42866359325,1576.25,2363.15625,859.6875,311.21875,33.0625,82.0625,34.78125,0.015625,2.16164010709375,2.5251349409062502,29.459225462499997,3.42417479471875,Tech,NVDA,12.34351059642857
688,2010-03-31,3.9330571870983606,72157600.0,-0.07737704918032787,-66.28790983606558,1.4283606557377049,1.1588524590163933,0.15885245901639344,2.442622950819672,3.0011475409836064,2.1281967213114754,2.615409836065574,0.957377049180328,0.3749180327868852,-6.508360655737705,-4.605737704918033,2.102131147540984,-8.271803278688525,0.8142622950819672,2.5921311475409836,-0.15721311475409835,1698.72131147541,2589.934426229508,957.3934426229508,424.3606557377049,125.90163934426229,174.21311475409837,123.8360655737705,0.05688524590163934,2.29937266047541,2.834048463803279,22.34560445147541,3.549508196721311,Tech,NVDA,6.3789988548243555
689,2010-06-30,3.2167579825079367,91969053.96825397,0.06666666666666667,-9.444444446666669,1.58,1.23,0.1433333333333333,2.646666666666667,3.4266666666666667,2.2766666666666664,2.9533333333333336,0.9333333333333332,0.33666666666666667,6.1866666666666665,4.466666666666667,2.3133333333333335,7.66,0.7733333333333333,2.7966666666666664,0.15666666666666668,1752.6666666666667,2795.6666666666665,995.3333333333334,450.3333333333333,142.66666666666666,190.66666666666666,135.66666666666666,0.06,2.2722633746666667,2.9169299719999997,26.26608187,3.7299999999999995,Tech,NVDA,13.564409705986392
690,2010-09-30,2.340268250484375,98521987.5,0.1065625,24.04765624890625,1.62,1.21640625,0.08640625,2.68296875,3.345,2.259375,2.82484375,0.9601562499999999,0.3434375,9.4203125,6.8703125,2.30609375,11.59390625,0.80359375,2.7928124999999997,0.24984375,1770.375,2793.8125,873.671875,239.65625,-69.34375,-22.6875,-49.453125,-0.020624999999999998,1.6062885804687501,2.129005208109375,30.12332588984375,3.75296875,Tech,NVDA,16.43179480825893
691,2010-12-31,2.997679993546875,69563437.5,0.09328125,27.52760416890625,1.59984375,1.23359375,0.09015625000000001,2.76078125,3.374375,2.36109375,2.89140625,1.00359375,0.35,8.01046875,5.9325,2.37078125,9.73515625,0.82,2.8540625,0.21984375,1916.78125,2853.046875,833.171875,307.34375,12.453125,59.125,10.84375,0.007187500000000001,1.593646270421875,2.0604531248906253,28.434374999062502,3.85765625,Tech,NVDA,16.303711252709824
692,2011-03-31,4.8915083985,92927167.74193548,0.0967741935483871,47.0827957,1.5425806451612902,1.317741935483871,0.20161290322580644,3.0945161290322583,3.4264516129032256,2.7348387096774194,3.0341935483870968,1.216451612903226,0.39064516129032256,8.338064516129032,6.144193548387097,2.487741935483871,10.154838709677419,0.9012903225806451,3.089677419354839,0.23709677419354838,2328.4193548387098,3089.7096774193546,872.4516129032259,415.03225806451616,155.48387096774192,201.80645161290323,143.93548387096774,0.06709677419354838,3.0066830572580643,3.467096774419355,23.77935483870968,4.312903225806451,Tech,NVDA,19.201404258497696
693,2011-06-30,4.120124854730158,91815746.03174603,0.1,48.75714285714285,1.4926984126984129,1.4114285714285715,0.2909523809523809,3.414285714285714,3.5155555555555553,3.0438095238095237,3.1419047619047618,1.2963492063492064,0.3826984126984127,8.331904761904761,6.083333333333333,2.711111111111111,10.21095238095238,0.9673015873015872,3.3642857142857148,0.25,2652.0793650793653,3363.2380952380954,937.8730158730159,466.26984126984127,162.93650793650792,210.3015873015873,146.74603174603175,0.06634920634920634,3.2634119078253967,3.466600529206349,17.07741935285714,4.663809523809523,Tech,NVDA,18.895141278165532
694,2011-09-30,3.187970094328125,72713850.0,0.18937500000000002,23.849184785,1.52125,1.501875,0.330625,3.3762499999999998,3.49125,3.01,3.11125,1.214375,0.335625,13.869375,10.164375,2.75875,17.41375,0.9662499999999999,3.615,0.449375,2553.0625,3613.6875,999.8125,512.5,168.0625,218.8125,146.6875,0.06,2.388815154375,2.4250153189375,11.057163186624999,4.822500000000001,Tech,NVDA,13.946694780799106
695,2011-12-31,3.32601423115873,54967980.952380955,0.25,13.326644373333334,1.5933333333333335,1.5966666666666665,0.34,3.44,3.7866666666666666,3.1066666666666665,3.42,1.1400000000000001,0.29333333333333333,17.37333333333333,12.879999999999999,2.9000000000000004,22.30333333333333,0.9133333333333333,3.876666666666667,0.6066666666666667,2656.6666666666665,3878.3333333333335,1049.6666666666667,546.3333333333334,189.33333333333334,241.33333333333334,169.33333333333334,0.06666666666666667,2.087488643,2.083403505,9.784313725333332,5.013333333333333,Tech,NVDA,12.214564844904762
696,2012-03-31,3.4419038949677416,42698761.29032258,0.2464516129032258,13.786910670967742,1.626774193548387,1.6706451612903226,0.31967741935483873,3.777741935483871,4.119354838709677,3.4441935483870965,3.75258064516129,1.316451612903226,0.3206451612903226,16.068709677419356,12.060645161290322,3.1154838709677417,20.89548387096774,0.9170967741935484,4.091935483870968,0.5993548387096773,3006.7741935483873,4090.1935483870966,989.4516129032259,511.61290322580646,146.19354838709677,198.19354838709677,136.0,0.05645161290322581,2.085887127129032,2.031714711935484,10.63371487967742,5.401612903225806,Tech,NVDA,12.711241496451615
697,2012-06-30,2.983568713857143,45235092.06349207,0.21952380952380954,14.202191989206348,1.6163492063492064,1.7173015873015873,0.2622222222222222,3.991904761904762,4.240952380952381,3.651904761904762,3.870952380952381,1.4168253968253968,0.3331746031746032,13.42126984126984,10.155873015873015,3.248253968253968,17.64174603174603,0.9436507936507936,4.245555555555556,0.5322222222222223,3130.6825396825398,4242.238095238095,933.8888888888889,471.57142857142856,88.55555555555556,141.9206349206349,77.77777777777777,0.036349206349206346,1.9278132519206348,1.8164486072539683,11.974889056984127,5.6592063492063485,Tech,NVDA,12.976234404861676
698,2012-09-30,3.132812799,39904533.333333336,0.19666666666666668,15.658312446666665,1.61,1.7766666666666668,0.26,4.1499999999999995,4.166666666666667,3.783333333333333,3.79,1.4333333333333333,0.32333333333333336,11.673333333333334,8.853333333333333,3.4066666666666667,15.303333333333333,0.9966666666666667,4.3966666666666665,0.48333333333333334,3229.0,4398.333333333333,1004.3333333333334,515.0,117.66666666666667,173.0,99.33333333333333,0.043333333333333335,1.9068322983333332,1.7279597516666667,11.831790123333334,5.829999999999999,Tech,NVDA,12.971409531900225
699,2012-12-31,2.848087826096774,38104567.741935484,0.19661290322580646,14.636884549193548,1.6364516129032256,1.859516129032258,0.25016129032258067,4.355483870967741,4.344838709677419,3.9424193548387096,3.9317741935483874,1.380483870967742,0.30016129032258065,11.372096774193547,8.62241935483871,3.6551612903225807,14.709516129032258,1.0001612903225807,4.628548387096774,0.4898387096774194,3381.8225806451615,4631.887096774193,1149.8064516129032,604.483870967742,214.06451612903226,270.7258064516129,178.51612903225808,0.06983870967741936,1.75642823783871,1.5474099676290323,11.478718636290322,6.015645161290322,Tech,NVDA,14.09743102362903
700,2013-03-31,2.8896087248666666,32152000.0,0.2195,12.810326089499998,1.689,1.9355,0.253,4.6575,4.7395000000000005,4.234,4.316,1.506,0.316,11.996,9.1025,3.8280000000000003,15.325,0.9834999999999999,4.7915,0.539,3625.45,4791.25,1140.95,603.85,207.8,265.45,186.25,0.0735,1.65906432745,1.4477796673999999,11.0854166625,6.2945,Tech,NVDA,12.844577881869048
701,2013-06-30,3.2157565765,27557887.5,0.23,13.3600543503125,1.723125,2.0453125,0.299375,4.6684375000000005,4.9490625,4.274687500000001,4.5356250000000005,1.5046875,0.3103125,12.309687499999999,9.3825,3.856875,15.5678125,0.9471875000000001,4.83,0.573125,3718.15625,4826.03125,1007.25,542.03125,117.71875,177.03125,111.0,0.043750000000000004,1.78276903134375,1.50111759684375,10.304086536875,6.3246875000000005,Tech,NVDA,13.037056384638394
702,2013-09-30,3.480290174515625,26726906.25,0.23,14.3980978246875,1.7234375,1.8996875,0.28718750000000004,4.1571875,4.4615625,3.7771875,4.058125,1.420625,0.32625000000000004,12.1165625,9.239375,3.43,15.3003125,0.9365625,4.396875,0.566875,3203.09375,4396.46875,969.4375,536.71875,98.09375,158.75,89.8125,0.0365625,1.92163030184375,1.7549616225,11.62847222125,5.8140625,Tech,NVDA,13.207878474062499
703,2013-12-31,3.643886398578125,22535962.5,0.204375,17.30263157515625,1.70078125,1.8640625,0.27,4.00328125,4.13875,3.62328125,3.74515625,1.39359375,0.3271875,10.908125,8.27875,3.30609375,13.82828125,0.97203125,4.2660937500000005,0.50234375,2998.140625,4267.453125,1026.328125,570.34375,128.421875,190.703125,110.734375,0.04640625,2.05739720271875,1.87653051865625,12.9560185165625,5.6596875,Tech,NVDA,14.194664614375
704,2014-03-31,4.045860267065574,20326845.901639346,0.19,19.272648834098362,1.7162295081967214,1.9393442622950818,0.25688524590163936,5.086065573770492,5.316557377049181,4.699508196721312,4.91344262295082,2.3080327868852457,0.5232786885245901,10.034262295081968,7.330983606557377,3.464918032786885,12.781475409836066,0.9637704918032787,4.411803278688525,0.450327868852459,4107.754098360656,4409.524590163935,1113.016393442623,606.9508196721312,158.04918032786884,218.4262295081967,137.36065573770492,0.05655737704918033,2.133463829442623,1.8880685319344264,14.283060108524591,6.719836065573771,Tech,NVDA,16.71653415918033
705,2014-06-30,4.438028358238095,18133047.61904762,0.20333333333333334,20.413533836666666,1.79,1.9000000000000001,0.2633333333333333,5.39,5.8966666666666665,5.0,5.473333333333334,2.73,0.6433333333333333,11.073333333333334,7.6033333333333335,3.34,14.190000000000001,0.9166666666666666,4.266666666666667,0.48,4456.0,4263.333333333333,1116.6666666666667,609.0,156.33333333333334,217.33333333333334,140.33333333333334,0.06,2.3192318283333333,2.192449707,15.76148148,6.996666666666667,Tech,NVDA,18.624235277142855
706,2014-09-30,4.49638761575,22161268.75,0.22312500000000002,19.067740682500002,1.8659375,1.94875,0.2896875,5.3421875,6.08,4.9521875,5.636875,2.6540625,0.62375,12.086562500000001,7.9125000000000005,3.3484374999999997,15.455625000000001,0.8803125,4.261875,0.5196875,4372.9375,4257.5625,1103.0,613.84375,158.875,221.53125,131.09375,0.06,2.27518315009375,2.1803040939375,14.698263888125,6.909375,Tech,NVDA,21.058743583214287
707,2014-12-31,4.669538557484375,19635887.5,0.24921875000000002,18.0468749990625,1.96046875,1.9515624999999999,0.31921875,5.354375,5.88890625,4.9515625,5.4453125,2.66203125,0.62921875,13.17484375,8.221875,3.34875,16.760625,0.9084375,4.2459375,0.5684375,4293.109375,4240.9375,1181.15625,655.515625,195.03125,257.390625,156.828125,0.0728125,2.29196924590625,2.3064948282343747,14.080539771562501,6.904375,Tech,NVDA,24.680436234754463
708,2015-03-31,5.117701882196721,25625245.901639346,0.28688524590163933,16.25245901639344,2.087377049180328,1.9972131147540981,0.42409836065573764,5.588688524590164,6.163606557377049,5.131639344262296,5.656393442622951,2.747213114754098,0.6332786885245902,14.399344262295083,8.83032786885246,3.494754098360656,18.210327868852456,0.9098360655737705,4.3511475409836065,0.6168852459016394,4497.754098360656,4348.163934426229,1242.4754098360656,692.1311475409836,225.7704918032787,287.0983606557377,186.44262295081967,0.08672131147540983,2.2250750407377047,2.3247172811311474,11.256682626131148,7.098360655737705,Tech,NVDA,22.099921082388757
709,2015-06-30,5.241777283730159,22786838.095238097,0.3066666666666667,16.660215053333335,2.1500000000000004,2.09,0.51,5.79,6.533333333333334,5.336666666666666,6.02,2.7533333333333334,0.61,14.5,8.93,3.68,18.143333333333334,0.8866666666666666,4.513333333333333,0.63,4735.666666666667,4510.0,1184.3333333333333,668.6666666666666,194.66666666666666,255.66666666666666,153.66666666666666,0.07,2.3773256823333333,2.444155281,10.018734111333332,7.26,Tech,NVDA,20.490165350226757
710,2015-09-30,5.2505855709375,19181275.0,0.2640625,19.177923389062503,2.1403125,2.001875,0.5234375,5.685625,6.203125,5.2456249999999995,5.7228125,2.7728125,0.6459375,12.8934375,7.9184375,3.5003124999999997,16.009999999999998,0.9193749999999999,4.3171875,0.5643750000000001,4603.65625,4312.53125,1152.3125,640.53125,110.375,168.09375,63.125,0.0271875,2.344206441875,2.5063460418125,9.5845881724375,7.0865625,Tech,NVDA,20.545128808772322
711,2015-12-31,7.343841426125,26301062.5,0.2596875,23.727430554999998,2.1496875,2.0253125,0.5134375,5.7543750000000005,6.5346875,5.3275,6.0515625,2.7375,0.630625,13.091249999999999,8.036875,3.5768750000000002,16.109375,0.8875,4.37375,0.5759375,4651.34375,4368.75,1252.75,699.625,186.90625,242.90625,170.375,0.075625,2.88049564728125,3.0482733825625,12.0910633499375,7.1046875,Tech,NVDA,19.814108798794642
712,2016-03-31,7.459973171180327,30759357.37704918,0.27,26.23011536147541,2.201311475409836,2.07,0.48934426229508193,5.981475409836066,3.900655737704918,5.568360655737705,3.6240983606557378,2.8408196721311474,0.6375409836065574,13.806557377049181,8.470163934426228,3.6868852459016392,16.87967213114754,1.8859016393442625,4.47,0.6068852459016393,4940.754098360656,4467.754098360656,1371.0983606557377,772.5573770491803,248.44262295081967,302.37704918032784,219.8360655737705,0.09622950819672131,3.21707978452459,3.4213193948360656,14.49067824147541,7.307704918032787,Tech,NVDA,21.953524911522248
713,2016-06-30,10.12094703328125,31816337.5,0.27671875,29.6254960303125,2.1125000000000003,1.99609375,0.35234374999999996,5.8753125,2.4859375,5.47875,2.31265625,2.90671875,0.676875,15.237031250000001,9.25234375,3.5085937499999997,18.62953125,2.37015625,4.28859375,0.66375,4846.859375,4285.578125,1336.5,763.796875,246.640625,299.640625,208.0,0.09,3.9023304251875,4.12412193146875,25.097117459843748,7.1953125,Tech,NVDA,39.68499582171875
714,2016-09-30,14.525421917343749,38218675.0,0.445,28.29464285625,2.56875,2.049375,0.09749999999999999,6.0443750000000005,2.5225,5.5649999999999995,2.3181249999999998,2.958125,0.67625,19.3825,11.720625,3.62625,23.571875,2.4006250000000002,4.3925,0.848125,4839.9375,4391.25,1389.5625,802.5625,294.5,347.5,244.4375,0.096875,4.770136962437499,6.0087271749374995,974.646551725,7.350625,Tech,NVDA,12.27776882888393
715,2016-12-31,20.592184550634922,32854869.84126984,0.5866666666666667,27.849462366666664,2.9266666666666667,2.3433333333333333,0.03666666666666667,7.593333333333333,3.566666666666667,6.966666666666666,3.2733333333333334,3.853333333333333,0.7633333333333334,24.589999999999996,14.526666666666666,4.3,29.569999999999997,2.163333333333333,5.040000000000001,1.12,6073.666666666667,5042.666666666667,1812.0,1064.0,531.6666666666666,585.3333333333334,448.3333333333333,0.17333333333333334,5.580012740666667,6.970678444333333,701.7333333333333,8.893333333333333,Tech,NVDA,12.882915427142859
716,2017-03-31,26.251454290967743,43313606.451612905,0.7283870967741936,32.51772993032258,3.1390322580645162,2.463225806451613,0.08387096774193549,8.465806451612902,4.5441935483870965,7.704516129032259,4.139677419354839,4.147741935483872,0.742258064516129,31.358709677419355,18.254516129032258,4.89483870967742,37.11709677419354,1.8706451612903225,5.618064516129032,1.5248387096774192,6757.032258064516,5620.709677419355,2118.483870967742,1264.2903225806451,702.6774193548387,738.3870967741935,618.5483870967741,0.23709677419354838,7.576508167225806,9.707976439677418,295.59354838709675,9.765806451612903,Tech,NVDA,20.772507377119815
717,2017-06-30,31.376712829206348,39280933.333333336,0.7590476190476191,34.41382173428571,3.0074603174603176,2.5438095238095237,0.09301587301587302,8.246666666666666,7.207460317460318,7.432698412698413,6.488095238095238,3.521269841269841,0.5912698412698413,35.466031746031746,21.021746031746034,5.3053968253968256,41.22460317460317,1.2242857142857142,6.018412698412698,1.8795238095238094,6384.539682539683,6020.412698412699,2008.1746031746031,1196.142857142857,607.984126984127,648.952380952381,551.6349206349206,0.2150793650793651,8.694809720952382,10.278754647333335,281.22645500317464,9.53968253968254,Tech,NVDA,21.601978456349208
718,2017-09-30,41.10385077380952,46355593.65079365,0.8387301587301588,42.0875901863492,3.1384126984126985,2.5185714285714287,0.5404761904761904,8.085873015873016,7.95968253968254,7.245396825396825,7.126507936507937,3.3823809523809523,0.5604761904761904,38.42460317460318,23.189365079365082,5.3244444444444445,44.006349206349206,1.0141269841269842,6.020793650793651,2.1884126984126984,5981.444444444444,6023.476190476191,2136.9841269841268,1253.7460317460318,645.4603174603175,693.8253968253969,558.8730158730159,0.2204761904761905,11.270243935714285,14.19022713,127.48359787301588,9.403174603174604,Tech,NVDA,38.8605272271882
719,2017-12-31,49.15004821079365,50715333.333333336,0.9646031746031747,48.9431085979365,3.422222222222222,2.574603174603175,0.9387301587301587,8.336825396825397,8.106349206349206,7.48031746031746,7.26984126984127,3.4625396825396826,0.556984126984127,41.53904761904762,25.823333333333334,5.5338095238095235,47.11507936507937,1.03,6.217301587301587,2.478730158730159,6165.3015873015875,6219.650793650793,2494.222222222222,1475.7619047619048,822.7142857142857,871.7142857142857,748.952380952381,0.29507936507936505,13.798834913809523,18.35558883730159,50.75653235603174,9.67984126984127,Tech,NVDA,35.8339719884127
720,2018-03-31,58.16736183737705,54893822.95081967,1.1411475409836065,50.449951106721315,3.72983606557377,2.921639344262295,1.1121311475409836,8.991475409836067,8.109180327868852,8.170819672131147,7.367540983606558,3.6701639344262293,0.5237704918032787,45.512459016393436,29.2827868852459,6.410983606557377,51.09590163934427,1.1086885245901639,7.084426229508196,2.8881967213114756,6836.7213114754095,7085.770491803279,2816.3278688524592,1721.1311475409836,1011.7213114754098,1064.0,1022.2622950819672,0.4086885245901639,15.405334077868853,19.69116229721311,51.66818356442623,10.754590163934425,Tech,NVDA,24.8426470306089
721,2018-06-30,60.19072067734375,45396800.0,1.40484375,41.4833634665625,4.189375,3.1471875000000002,1.445625,9.38765625,8.372656249999999,8.58765625,7.6625000000000005,3.74984375,0.4965625,52.385,34.2821875,6.96125,58.26734375,1.123125,7.63796875,3.5404687499999996,7237.0,7636.28125,3109.875,1980.390625,1222.15625,1278.171875,1202.984375,0.48359375,13.7940651434375,18.2658014396875,40.93138672390625,11.3878125,Tech,NVDA,11.917265570111612
722,2018-09-30,64.46605246396825,35954888.88888889,1.64,36.06530214333333,4.606666666666667,3.4733333333333336,1.63,10.37,7.786666666666667,9.376666666666667,7.046666666666667,3.973333333333333,0.4766666666666666,56.156666666666666,37.29333333333334,7.766666666666667,61.84666666666667,1.3433333333333333,8.440000000000001,4.126666666666666,7728.666666666667,8435.666666666666,3151.0,2006.0,1203.0,1261.3333333333333,1148.6666666666667,0.46,12.821781396666667,17.027977573333335,36.22500476666667,12.406666666666666,Tech,NVDA,73.4921667322449
723,2018-12-31,47.45317949555555,64416431.746031746,1.8115873015873016,30.729851467301586,4.86968253968254,3.785079365079365,1.4595238095238097,11.185555555555556,7.2004761904761905,9.886031746031748,6.367936507936508,4.147142857142857,0.45095238095238094,56.34269841269841,38.04238095238095,8.561746031746031,61.45634920634921,1.5552380952380953,9.231746031746033,4.5476190476190474,7719.507936507936,9226.746031746032,3159.8253968253966,1940.7142857142858,1094.142857142857,1158.857142857143,1182.904761904762,0.47174603174603175,11.398290771587302,14.686270385238096,38.04383518142857,13.375238095238094,Tech,NVDA,66.57084151247166
724,2019-03-31,38.53885222229508,91946209.83606558,1.7322950819672132,23.72244056770492,4.772950819672131,3.8603278688524587,1.290983606557377,10.845737704918033,7.643934426229508,9.32081967213115,6.567213114754098,4.029180327868852,0.42688524590163934,50.06098360655738,34.30049180327869,8.724754098360656,54.25901639344263,1.426393442622951,9.388196721311475,4.3293442622950815,7480.180327868852,9387.786885245901,2541.0,1452.8032786885246,557.016393442623,631.5737704918033,794.5901639344262,0.31950819672131153,8.636646413934427,10.717584594754097,31.9056986747541,13.417377049180327,Tech,NVDA,25.93899239042155
725,2019-06-30,41.19153001539683,57677968.253968254,1.4333333333333333,29.874771816666666,4.426666666666667,3.9366666666666665,1.0666666666666667,10.606666666666667,8.64,9.126666666666667,7.44,4.196666666666667,0.44,39.14666666666667,27.056666666666665,8.913333333333332,42.239999999999995,1.23,9.58,3.5733333333333333,7675.333333333333,9583.333333333334,2215.0,1266.3333333333333,336.6666666666667,423.3333333333333,451.3333333333333,0.18333333333333335,9.512691310666668,10.620975001666668,40.343724429999995,13.776666666666666,Tech,NVDA,22.966495834603176
726,2019-09-30,41.86473989453125,26147681.25,0.7425,74.293323861875,3.2893749999999997,4.150625,0.6484375,11.12875,8.766875,9.8496875,7.75375,4.398750000000001,0.436875,30.6534375,21.31625,9.45,32.9534375,1.271875,10.12,2.9290625,8243.65625,10118.75,2455.59375,1456.78125,497.78125,589.4375,497.6875,0.2059375,13.571887636875001,10.37842810578125,73.3037210065625,14.518749999999999,Tech,NVDA,29.121812205848215
727,2019-12-31,51.81089025765625,20314537.5,0.95890625,59.921931816875,3.7273437499999997,4.4578125,1.20390625,12.04984375,8.50265625,10.9459375,7.72078125,4.5424999999999995,0.4171875,25.36640625,17.7453125,10.23375,27.177343750000002,1.4225,10.897343750000001,2.52859375,9303.96875,10898.46875,2857.671875,1781.234375,799.0625,891.0625,774.296875,0.31328125,12.972506833281251,10.557172799140625,51.33044610515625,15.43984375,Tech,NVDA,28.44531543238839
728,2020-03-31,62.888977727580645,26323174.19354839,1.177258064516129,47.728602152741935,4.263387096774193,4.851129032258064,1.874516129032258,13.25983870967742,7.924032258064517,12.256129032258064,7.3264516129032256,4.937258064516129,0.4166129032258064,25.06935483870968,17.585806451612903,11.204677419354837,26.742580645161294,1.6783870967741936,11.86467741935484,2.6679032258064517,10514.935483870968,11868.677419354839,3074.1774193548385,1981.467741935484,968.6612903225806,1069.9193548387098,933.3870967741935,0.3732258064516129,13.11331411870968,11.507012825967742,29.907562469516133,16.808548387096774,Tech,NVDA,27.36534848921659
729,2020-06-30,80.67786201587302,35101523.809523806,1.2266666666666668,55.47419073,4.493333333333333,5.21,2.023333333333333,17.616666666666664,9.416666666666666,16.543333333333333,8.843333333333334,8.476666666666667,0.6599999999999999,27.473333333333333,18.46,12.106666666666667,29.186666666666667,1.8599999999999999,12.799999999999999,3.1466666666666665,14535.0,12800.666666666666,3088.3333333333335,2007.6666666666667,980.6666666666666,1087.3333333333333,928.3333333333334,0.37333333333333335,15.146724646666668,13.066114683333334,33.69886201,21.273333333333333,Tech,NVDA,27.945420808639458
730,2020-09-30,116.0914951515625,33194062.5,1.3290625,70.824314644375,5.0365625,5.53,2.226875,16.364375,7.5337499999999995,15.060625,6.9503125,10.8884375,0.7996875,27.381875,17.32125,8.7675,31.855,2.2346875,13.6315625,3.3659375000000002,12827.96875,13633.84375,3595.8125,2181.84375,762.71875,1064.625,723.40625,0.29125,18.645969768125003,17.03061134875,42.166424634375,24.5165625,Tech,NVDA,33.39186037660714
731,2020-12-31,133.6117140046875,37971562.5,1.4715625,80.4165134828125,5.6865625,6.0009375,1.91,14.4896875,4.6659375,13.030625,4.2040625,11.45375,0.770625,27.6478125,16.554375,7.7953125,36.976875,3.236875,14.841875,3.67875,10428.4375,14845.875,4430.375,2724.53125,1141.21875,1476.3125,1090.5625,0.43375,20.809705592187502,19.715157533750002,64.193925071875,26.295624999999998,Tech,NVDA,36.95117518714285
732,2021-03-31,134.17752700491803,31679940.98360656,1.6608196721311477,77.37117230770492,6.419508196721312,6.616885245901639,1.8139344262295083,15.53983606557377,4.037049180327869,13.815737704918032,3.595737704918033,11.790983606557377,0.7155737704918033,28.876229508196722,16.602622950819672,9.43672131147541,44.0172131147541,3.8490163934426227,16.404098360655738,4.1742622950819674,11118.081967213115,16407.409836065573,4916.7213114754095,3095.6393442622953,1473.049180327869,1764.4754098360656,1419.311475409836,0.5644262295081968,20.017817449836066,19.40419328,70.79670792885246,28.195081967213113,Tech,NVDA,36.797005663536304
733,2021-06-30,160.06086076825397,20442012.698412698,1.98,72.4852952,7.316666666666667,7.29,2.0833333333333335,17.44,4.383333333333334,15.503333333333334,3.896666666666667,11.98,0.6599999999999999,31.630000000000003,18.266666666666666,11.3,53.71666666666667,3.9766666666666666,18.143333333333334,4.996666666666667,12298.333333333334,18147.0,5441.666666666667,3471.6666666666665,1806.3333333333333,2089.6666666666665,1760.3333333333333,0.7000000000000001,19.56118728,19.616626983333337,68.73965277,30.130000000000003,Tech,NVDA,35.19492622011337
734,2021-09-30,207.39941286875,18011698.4375,2.5803125,69.8727628878125,8.34203125,8.1615625,2.49234375,23.29,5.38328125,21.212656250000002,4.9034375,15.701875,0.7676562499999999,37.14015625,21.46515625,13.65640625,61.434062499999996,4.30234375,20.3690625,6.50578125,17361.390625,20368.359375,6229.40625,4022.71875,2283.875,2568.234375,2222.40625,0.8809374999999999,21.503291241874997,21.9794910496875,72.01984176765625,36.07421875,Tech,NVDA,34.239183807455355
735,2021-12-31,274.870940690625,25673540.625,3.105625,75.54215336796875,9.298124999999999,9.16875,2.76765625,25.81,6.70703125,23.609375,6.13625,17.049843749999997,0.749375,40.23765625,23.30859375,16.2,62.05984375,3.885625,22.93046875,7.839218750000001,19414.8125,22928.140625,6907.4375,4494.5,2596.515625,2890.578125,2434.46875,0.9601562499999999,25.23739551453125,25.58909254828125,84.842745515,39.980312500000004,Tech,NVDA,35.77078301071429
736,2022-03-31,250.5780046548387,46677159.67741936,3.656451612903226,68.39602977548387,10.290967741935484,10.261935483870968,3.0874193548387097,27.855806451612903,6.811290322580645,25.36516129032258,6.20483870967742,17.33806451612903,0.6761290322580645,42.38645161290323,24.75774193548387,18.990967741935485,61.487741935483875,4.104516129032258,25.703548387096774,9.253225806451614,20591.870967741936,25704.25806451613,7468.806451612903,4880.967741935484,2873.548387096774,3179.0,2828.451612903226,1.1122580645161289,24.18720953677419,24.268430281935483,80.74056232612902,43.041612903225804,Tech,NVDA,35.481386242096775
737,2022-06-30,189.2067118147541,51464450.81967213,3.769344262295082,54.22945168983607,11.312295081967212,10.546065573770491,3.1495081967213117,29.334098360655737,5.756065573770492,26.347704918032786,5.176229508196721,18.460491803278686,0.700327868852459,40.135245901639344,23.36770491803279,19.799016393442624,55.89426229508197,5.16,26.415081967213112,9.555081967213114,20623.245901639344,26415.737704918032,8076.524590163935,5289.688524590164,2229.311475409836,2555.1147540983607,2071.7704918032787,0.8170491803278688,18.24508140508197,19.40486231819672,64.91250889229508,44.8755737704918,Tech,NVDA,31.044403602646366
738,2009-03-31,11.90887737,59050200.0,0.988645906,15.57299316,5.929100207,6.29,1.725952658,38.0,2.79,36.89,2.71,24.57,0.67,15.07628005,8.811043813,26.19856609,25.36475491,13.6,36.78,5.889843542,33149.17851,37114.04558,8180.155554,5433.768596,1728.004075,2194.268946,1515.764092,0.257872993,2.665818038,2.366485397,3.585266478,63.56989322,Tech,CSCO,10.749064623333334
739,2009-06-30,13.239751468095239,50131592.06349207,0.987544614,15.971344853333333,5.933099548333334,6.3966666666666665,1.675480198,40.22666666666667,3.07,39.17,2.9966666666666666,26.463333333333335,0.7166666666666667,15.06258149,8.808168259666667,26.112421143333332,26.21457815,13.106666666666666,37.099999999999994,5.871837633999999,33417.05950333333,37208.68186,8168.051851333334,5297.256198666666,1647.3346916666667,2086.7563153333335,1403.9213639999998,0.23929099766666667,2.6698059713333335,2.3691504256666667,60.775746952666665,64.33988287999999,Tech,CSCO,9.925217736084656
740,2009-09-30,15.3005239215625,51441696.875,0.9824041765,16.0318307740625,5.94487785653125,6.6075,1.564771364,43.20375,3.2296875000000003,42.1409375,3.153125,28.74875,0.753125,15.0184451546875,8.77941314159375,25.959793258125,26.8396973846875,13.385,38.191874999999996,5.8125861805625005,34502.5625,38188.53125,8406.78125,5381.25,1510.53125,2000.84375,1172.78125,0.20375000000000001,2.64343122896875,2.3490463355625,37.473743949062495,65.81135463125,Tech,CSCO,10.750565782700892
741,2009-12-31,16.84361380375,58352009.375,0.98,15.95918367,5.95,6.8671875,1.52,44.52125,3.345,43.4346875,3.2584375,28.924999999999997,0.73375,14.9865016325,8.7289420199375,25.658014937187502,25.06469526375,13.331875,39.565937500000004,5.7427787786875,35239.875,39562.28125,8853.9375,5741.21875,1895.75,2357.40625,1544.3125,0.2621875,2.628571429,2.337817638,10.28947368,67.8895336715625,Tech,CSCO,12.34351059642857
742,2010-03-31,17.521697373278688,69627663.93442623,0.9937704918032787,15.966630979180326,6.039508196721312,7.152786885245901,0.7350819672131148,48.445573770491805,3.455081967213115,47.26606557377049,3.371967213114754,32.93262295081967,0.8026229508196722,15.276065573770492,8.730655737704918,24.786393442622952,24.72032786885246,14.020655737704917,41.0627868852459,5.960983606557377,38307.065573770495,41062.91803278688,9567.688524590163,6193.704918032787,2293.377049180328,2780.2131147540986,1832.4426229508197,0.3137704918032787,2.6272448541803275,2.2469210087213116,32.14106988688525,73.99540983606558,Tech,CSCO,6.3789988548243555
743,2010-06-30,17.619899174444445,51886579.365079366,1.0733333333333335,16.818828826666667,6.226666666666667,7.52,0.22666666666666666,49.88666666666667,2.9600000000000004,48.64666666666666,2.8866666666666663,35.25,0.8200000000000001,16.37,9.213333333333333,23.976666666666667,27.19,17.096666666666668,43.07666666666667,6.63,39283.333333333336,43078.666666666664,10183.666666666666,6530.666666666667,2353.3333333333335,2839.6666666666665,2079.0,0.35333333333333333,2.9009450709999998,2.401063379666667,99.07543859666666,78.32666666666667,Tech,CSCO,13.564409705986392
744,2010-09-30,15.75966677125,42080432.8125,1.1771875,14.75879146390625,6.60234375,7.77421875,0.27765625,50.8753125,2.67984375,49.5715625,2.6165624999999997,36.38734375,0.8234375,17.8309375,9.93375,24.143124999999998,30.564375000000002,18.97078125,44.145625,7.4878124999999995,39613.265625,44142.921875,10682.4375,6739.515625,2331.5625,2899.96875,2019.328125,0.34984375,2.62828703690625,2.226273825359375,74.25707720390625,80.52625,Tech,CSCO,16.43179480825893
745,2010-12-31,15.0844901059375,43799579.6875,1.31078125,12.467580215,7.045625,7.9509375,0.30640625,50.74140625,2.7439062499999998,49.27703125,2.67046875,35.82203125,0.803125,18.202499999999997,10.0490625,24.635625,32.244375000000005,18.48421875,44.56546875,7.8640625,39232.125,44560.46875,10778.21875,6767.46875,2342.46875,2915.8125,1931.640625,0.34,2.314295221171875,2.04904497071875,53.44255514609375,80.38421875,Tech,CSCO,16.303711252709824
746,2011-03-31,13.790514268548387,45942122.58064516,1.3261290322580646,11.624215998064516,7.3187096774193545,8.179354838709678,1.184193548387097,51.534516129032255,2.8003225806451613,49.950322580645164,2.720322580645161,35.983870967741936,0.79,17.35741935483871,9.59032258064516,25.701290322580647,31.232903225806453,18.3841935483871,45.37064516129032,7.686451612903226,39808.354838709674,45366.32258064516,10517.645161290322,6420.354838709677,1899.1612903225807,2542.935483870968,1652.9354838709678,0.29258064516129034,2.1082328701935484,1.8866619706774193,24.388499298935482,81.34774193548388,Tech,CSCO,19.201404258497696
747,2011-06-30,11.757392096349207,108593458.73015873,1.2826984126984127,10.35484781852381,7.50968253968254,8.478412698412699,1.6373015873015873,54.20634920634921,3.233174603174603,52.712380952380954,3.1463492063492065,37.55587301587302,0.8036507936507937,16.188253968253967,8.963174603174602,27.15015873015873,28.81126984126984,16.871904761904762,46.72746031746031,7.313809523809525,42370.80952380953,46723.46031746032,10720.285714285714,6532.650793650793,2024.5873015873017,2633.777777777778,1716.2063492063492,0.3109523809523809,1.7726804312698414,1.5712352845714286,8.130238797619048,84.28015873015872,Tech,CSCO,18.895141278165532
748,2011-09-30,11.214816584625,88910650.0,1.194375,9.8475724613125,7.680000000000001,8.6625,1.615625,56.595625,3.3200000000000003,55.128125,3.23,39.30875,0.830625,14.59625,8.0725,27.8125,25.50875,17.0725,47.244375,6.70875,44204.375,47242.4375,11092.1875,6797.875,1683.1875,2324.9375,1411.6875,0.26125000000000004,1.5321793913750001,1.3581424320625,7.276858428125,86.553125,Tech,CSCO,13.946694780799106
749,2011-12-31,12.871707446666665,53802385.71428572,1.1533333333333333,11.000424785333333,7.856666666666667,8.76,1.7000000000000002,57.25666666666667,3.2766666666666664,55.68333333333333,3.1866666666666665,39.78,0.84,13.7,7.533333333333333,27.98,23.536666666666665,17.476666666666667,47.22666666666667,6.39,44453.666666666664,47229.0,11235.666666666666,6880.333333333333,1958.6666666666667,2597.0,1595.3333333333333,0.2966666666666667,1.6132552346666666,1.4474115043333333,7.451726190666666,87.00666666666667,Tech,CSCO,12.214564844904762
750,2012-03-31,14.341758804677418,36395682.258064516,1.2380645161290322,11.227471948387098,8.102903225806452,9.040645161290323,1.8245161290322582,58.645161290322584,3.3409677419354837,57.04548387096774,3.250967741935484,39.91258064516129,0.8196774193548387,14.295483870967741,7.833225806451613,29.490000000000002,24.126129032258063,17.55483870967742,48.60548387096774,6.787096774193548,45982.645161290326,48603.3870967742,11439.58064516129,7008.548387096775,2564.967741935484,3147.3548387096776,2051.3548387096776,0.3774193548387097,1.713330576419355,1.5356480367096776,7.610584213096775,88.51806451612903,Tech,CSCO,12.711241496451615
751,2012-06-30,13.039395075079366,42643980.952380955,1.327777777777778,10.883333333333333,8.299206349206349,9.419365079365079,1.8531746031746033,60.6036507936508,3.513333333333333,59.08190476190476,3.423333333333334,39.84666666666667,0.7826984126984128,14.946666666666667,8.214285714285714,31.58920634920635,24.78063492063492,17.272380952380953,50.71015873015873,7.245714285714286,47881.84126984127,50707.206349206346,11568.63492063492,7135.984126984127,2744.9206349206347,3354.6507936507937,2170.3968253968255,0.4,1.740656972888889,1.5338732016031746,7.795945254015873,90.55000000000001,Tech,CSCO,12.976234404861676
752,2012-09-30,12.913807113015872,39902817.46031746,1.4433333333333334,8.790156599333335,8.450000000000001,9.633333333333333,1.9033333333333333,61.69,3.5200000000000005,60.086666666666666,3.43,40.233333333333334,0.7833333333333333,15.793333333333331,8.74,32.30666666666667,25.746666666666666,17.526666666666667,51.32666666666667,7.813333333333333,48614.666666666664,51326.666666666664,11656.0,7113.0,2497.3333333333335,2969.0,1999.6666666666667,0.37333333333333335,1.4918398493333334,1.3083320336666668,6.6339354896666665,91.55666666666667,Tech,CSCO,12.971409531900225
753,2012-12-31,13.694301343548387,32858754.83870968,1.5296774193548388,7.995519208467742,8.599193548387097,9.838709677419354,1.9498387096774195,59.2716129032258,3.4172580645161292,57.57854838709678,3.3206451612903227,40.11612903225806,0.7701612903225806,16.269032258064517,9.092258064516129,30.00564516129032,26.758709677419354,17.32,52.225806451612904,8.251612903225807,46258.645161290326,52226.8064516129,11813.0,7186.8387096774195,2556.1612903225805,3095.6290322580644,2032.725806451613,0.37983870967741934,1.4224479271451613,1.2431706380483871,6.273424361919354,92.34193548387097,Tech,CSCO,14.09743102362903
754,2013-03-31,15.489023780166667,33903066.666666664,1.6735,8.50681868725,8.728,10.2515,1.9925,59.743,3.38,58.1175,3.2929999999999997,40.5315,0.747,17.201,9.719,29.9865,29.0,17.656,54.5395,8.984,45894.4,54536.6,12020.3,7306.6,2740.7,3357.0,2775.15,0.52,1.63329361105,1.3891662541,7.151812366650001,95.071,Tech,CSCO,12.844577881869048
755,2013-06-30,16.72276309078125,31374140.625,1.779375,8.67183908015625,8.8684375,10.600624999999999,2.03625,61.1828125,3.078125,59.675000000000004,3.0046875,40.4825,0.7203125,17.761875,10.1315625,31.3615625,30.7915625,19.990937499999998,56.363437499999996,9.5234375,47040.125,56360.40625,12175.4375,7453.25,2889.40625,3507.71875,2706.59375,0.5046875,1.73975611803125,1.4555147704687499,7.57717965025,96.839375,Tech,CSCO,13.037056384638394
756,2013-09-30,18.58542510890625,40140401.5625,1.839375,9.735136646687499,9.011875,10.873750000000001,2.155,64.110625,2.959375,62.640625,2.8893750000000002,41.4515625,0.71,17.81,10.26875,33.101875,31.6853125,21.676875,58.3290625,9.8596875,49502.4375,58327.0625,12347.90625,7403.375,2858.0,3470.4375,2341.5,0.43374999999999997,1.98819111403125,1.6471431831874999,8.30159543646875,99.7771875,Tech,CSCO,13.207878474062499
757,2013-12-31,16.684875443125,35581596.875,1.8471875,9.62966229734375,9.06,10.995625,2.235625,63.777499999999996,2.92234375,62.3075,2.8523437499999997,41.91265625,0.71,17.400000000000002,10.11140625,32.1828125,31.360625,21.82703125,58.989062499999996,9.922343750000001,49066.734375,58987.703125,12204.3125,7385.4375,2584.015625,3181.484375,2094.46875,0.38796875,1.9638693430625,1.61832665409375,7.963265774046875,100.90171875,Tech,CSCO,14.194664614375
758,2014-03-31,16.792293236557377,38811721.31147541,1.6301639344262295,10.371656603278689,8.955081967213115,10.872295081967213,2.204098360655738,61.41639344262295,2.732622950819672,59.893934426229514,2.6626229508196717,42.1644262295082,0.7427868852459016,15.196229508196721,8.839344262295082,29.329016393442622,27.816885245901638,22.52344262295082,57.05426229508197,8.762131147540984,47456.08196721312,57056.54098360656,11475.16393442623,6452.245901639344,1938.27868852459,2543.0491803278687,1624.1967213114754,0.3044262295081967,1.8742087802622949,1.5437199831639343,7.615432897114754,99.22524590163934,Tech,CSCO,16.71653415918033
759,2014-06-30,18.266687726190476,23566717.46031746,1.4933333333333334,11.630986253333335,8.873333333333333,10.873333333333333,2.2133333333333334,63.09,3.1966666666666668,61.553333333333335,3.12,44.82000000000001,0.8066666666666666,13.853333333333333,7.963333333333333,28.276666666666667,25.976666666666667,19.993333333333332,55.89333333333333,7.976666666666667,49334.333333333336,55892.0,11415.0,6654.333333333333,2250.3333333333335,2859.6666666666665,1930.3333333333333,0.37,1.9565509253333333,1.5963851263333333,7.841869969,100.71666666666667,Tech,CSCO,18.624235277142855
760,2014-09-30,19.42507728984375,22334157.8125,1.4865625,12.6974891728125,8.8796875,11.028125,2.1709375,66.140625,3.4175,64.57124999999999,3.3375,47.6021875,0.843125,13.7721875,7.7709375000000005,28.837500000000002,26.5234375,19.3665625,56.364374999999995,7.8603125,51522.28125,56363.65625,12077.875,7267.84375,2633.21875,3254.34375,2224.3125,0.4265625,2.1258423352499998,1.71132241053125,8.70674230475,103.9665625,Tech,CSCO,21.058743583214287
761,2014-12-31,20.08994144203125,30117840.625,1.4771874999999999,12.998436998125,8.98609375,11.09640625,2.12078125,66.65515625,3.33875,65.0075,3.25875,47.673281249999995,0.8371875,13.7075,7.59265625,29.23609375,26.773125,19.97015625,56.6984375,7.7475000000000005,52095.140625,56695.59375,12285.25,7358.875,2463.828125,3073.25,1978.578125,0.37875,2.13715709809375,1.730453562453125,9.05380510296875,104.37171875,Tech,CSCO,24.680436234754463
762,2015-03-31,22.057384428524593,36383985.24590164,1.5977049180327867,12.61188077590164,9.187868852459015,11.234426229508198,2.11,67.39475409836065,3.3637704918032787,65.57360655737705,3.2703278688524593,47.21295081967213,0.8232786885245902,14.725409836065573,8.054426229508197,30.17049180327869,28.598524590163933,20.039836065573773,57.39885245901639,8.335245901639345,52722.0,57399.229508196724,12037.311475409837,7169.672131147541,2530.1967213114754,3150.032786885246,2210.44262295082,0.42393442622950817,2.1901484556065576,1.7912683318688525,9.539740501540983,104.61180327868853,Tech,CSCO,22.099921082388757
763,2015-06-30,22.64225796253968,27528906.34920635,1.6933333333333331,13.021888723333333,9.346666666666668,11.466666666666669,2.0833333333333335,68.84666666666666,3.1166666666666667,67.04333333333332,3.0366666666666666,47.31666666666667,0.8133333333333334,15.416666666666666,8.426666666666666,31.406666666666666,29.496666666666666,22.17666666666667,58.46333333333333,8.823333333333334,53953.333333333336,58466.333333333336,12070.0,7380.0,2824.0,3414.0,2423.6666666666665,0.4666666666666666,2.3596039473333335,1.923148042,10.593935784666666,105.77999999999999,Tech,CSCO,20.490165350226757
764,2015-09-30,21.48282936234375,19100562.5,1.723125,13.1520626275,9.4884375,11.674687500000001,2.1618749999999998,71.98125,3.0784374999999997,70.3065625,3.0084375,51.5078125,0.8690625000000001,15.4475,8.414375000000001,32.4990625,29.0634375,23.355,59.4075,8.955937500000001,58354.53125,59406.5625,12600.3125,7661.5,2896.125,3514.03125,2359.5625,0.47,2.38852647059375,1.94124913809375,10.4935316784375,110.90875,Tech,CSCO,20.545128808772322
765,2015-12-31,22.129363298281252,20657975.0,1.8153125,12.656908449374999,9.6121875,11.779375,2.249375,73.750625,3.274375,72.21249999999999,3.2043749999999998,52.43625,0.87375,15.944999999999999,8.6490625,32.8271875,29.5553125,22.5503125,59.893750000000004,9.37375,59556.96875,59889.4375,12737.34375,7797.96875,3010.9375,3564.6875,2391.84375,0.4765625,2.38833460265625,1.94894356521875,10.2065295665625,112.32,Tech,CSCO,19.814108798794642
766,2016-03-31,20.792184173606557,34285854.09836066,1.9701639344262296,10.429639792459017,9.663770491803279,11.972131147540985,2.407704918032787,74.67983606557378,3.3086885245901643,73.27245901639344,3.245573770491803,51.76934426229508,0.8531147540983607,16.936065573770495,9.148032786885246,33.35393442622951,31.031639344262295,22.581967213114755,60.6027868852459,10.09639344262295,59980.04918032787,60599.852459016394,12162.16393442623,7556.5901639344265,3227.032786885246,3727.8360655737706,2923.6721311475408,0.5763934426229508,2.116112384639344,1.7095909533606557,8.535584813803279,112.36901639344262,Tech,CSCO,21.953524911522248
767,2016-06-30,22.89176765109375,35794045.3125,2.01328125,10.62127519875,9.6834375,12.2784375,2.49015625,77.401875,3.2765625,76.05203125,3.2232812500000003,54.810312499999995,0.88359375,16.997968750000002,9.08828125,33.09609375,31.18734375,23.60625,61.874375,10.27625,62482.671875,61872.375,11976.046875,7626.171875,3085.71875,3612.609375,2610.84375,0.5125000000000001,2.20774513403125,1.73995456684375,8.582655111265625,116.67796875,Tech,CSCO,39.68499582171875
768,2016-09-30,25.312221795,26958106.25,2.085625,11.639963510625,9.67625,12.561875,2.465625,78.673125,3.194375,77.415625,3.144375,57.516875,0.906875,17.234375,9.15875,33.956875000000004,31.776249999999997,24.625625,63.205625000000005,10.586875000000001,65054.75,63201.5625,12438.625,7895.625,3203.3125,3787.625,2668.0,0.5218750000000001,2.5107195209374997,1.9331136950624999,9.858341836875,120.7125,Tech,CSCO,12.27776882888393
769,2016-12-31,25.298077962539683,21172323.80952381,2.1066666666666665,12.038544476666665,9.643333333333334,12.626666666666667,2.4433333333333334,81.66666666666667,3.44,80.47999999999999,3.3899999999999997,61.269999999999996,0.9633333333333333,17.12666666666667,8.993333333333332,34.34666666666667,31.673333333333332,23.78333333333333,63.47,10.666666666666666,69230.66666666667,63470.333333333336,12447.333333333334,7914.333333333333,3019.0,3619.6666666666665,2485.6666666666665,0.49,2.6298376003333335,2.008458043666667,10.379424556666667,124.74333333333333,Tech,CSCO,12.882915427142859
770,2017-03-31,27.139221037580647,16850106.451612905,1.9983870967741937,12.84742999,9.602903225806452,12.708064516129031,2.44,83.30935483870968,3.640967741935484,82.0783870967742,3.5909677419354837,62.571935483870966,0.983225806451613,16.000967741935483,8.267096774193547,34.689677419354844,29.668387096774193,22.87451612903226,63.68774193548387,10.088064516129032,71562.09677419355,63687.354838709674,11829.032258064517,7472.129032258064,2887.8387096774195,3452.967741935484,2339.6129032258063,0.46677419354838706,2.6699924517741938,2.017567849741935,10.507932313225806,126.26290322580645,Tech,CSCO,20.772507377119815
771,2017-06-30,27.499385985079368,18959825.396825396,1.9779365079365079,14.078521219841269,9.59,12.98047619047619,2.4819047619047616,80.99444444444444,3.5652380952380955,79.66460317460317,3.5082539682539684,61.13095238095238,0.9450793650793651,15.585873015873016,7.993968253968254,33.678730158730154,29.11333333333333,22.716984126984126,64.9095238095238,9.948730158730159,69141.44444444444,64910.31746031746,11831.42857142857,7445.015873015873,3085.7619047619046,3642.4444444444443,2464.6349206349205,0.490952380952381,2.9048115596349207,2.1450999806031743,11.219153787142858,126.0404761904762,Tech,CSCO,21.601978456349208
772,2017-09-30,27.121392205714287,17185655.555555556,1.9353968253968252,14.171780114761905,9.535396825396825,13.20968253968254,2.540952380952381,82.51269841269841,3.1923809523809523,80.98206349206349,3.1323809523809523,62.69269841269841,0.9504761904761905,15.091269841269842,7.69968253968254,33.61730158730158,28.55063492063492,26.037142857142857,65.89873015873016,9.733809523809525,69692.63492063493,65897.31746031746,12071.730158730159,7537.111111111111,3076.8571428571427,3649.1428571428573,2452.8888888888887,0.47952380952380946,2.87688537,2.0774765400158732,10.802606646825398,128.59142857142857,Tech,CSCO,38.8605272271882
773,2017-12-31,30.695699630793648,17487066.666666668,1.9230158730158728,14.801843286507937,9.503492063492065,13.25047619047619,2.625079365079365,83.9473015873016,2.9293650793650796,82.2852380952381,2.8693650793650796,64.5195238095238,0.9795238095238096,14.843492063492063,7.56,33.05555555555556,28.594444444444445,28.686349206349206,65.75603174603175,9.655555555555555,71205.26984126984,65754.98412698413,12134.952380952382,7468.555555555556,2853.0793650793653,3423.2698412698414,2404.4761904761904,0.4765079365079365,2.9957557056507937,2.148667543698413,10.840314137777778,130.27555555555557,Tech,CSCO,35.8339719884127
774,2018-03-31,36.71661095491803,25502490.163934425,0.4545901639344262,-68.49244033065574,9.572131147540983,11.561311475409836,2.725573770491803,85.37180327868853,2.5814754098360657,83.54409836065575,2.528032786885246,74.51754098360655,1.3440983606557375,3.5875409836065573,1.8681967213114754,23.774426229508197,6.7178688524590155,33.26688524590164,56.65163934426229,2.381639344262295,72961.77049180328,56652.95081967213,11972.72131147541,7473.55737704918,2963.8688524590166,3516.754098360656,-4931.901639344263,-1.0019672131147541,3.5190445671475414,2.972533281295082,12.348176209508198,131.16918032786884,Tech,CSCO,24.8426470306089
775,2018-06-30,38.1304855353125,22863806.25,-0.27968750000000003,-136.82204024375,9.75109375,10.1290625,2.65921875,73.34484375,2.36953125,71.44484375,2.3128124999999997,71.34656249999999,1.46953125,-2.239375,-1.039375,14.55796875,-5.07828125,30.845,48.40562499999999,-1.3290625,60748.0625,48406.953125,12274.0,7673.359375,3113.984375,3672.078125,-1072.265625,-0.20781249999999998,3.874269847046875,3.7404559196875,14.232075364531251,119.7521875,Tech,CSCO,11.917265570111612
776,2018-09-30,39.55757359111111,16816907.936507937,-0.04,304.8040293333333,9.973333333333334,9.526666666666666,2.63,63.60666666666667,2.3066666666666666,61.739999999999995,2.24,66.17,1.4933333333333334,-0.5933333333333334,-0.2733333333333333,10.076666666666666,-1.3266666666666667,27.57333333333333,44.35333333333334,-0.35000000000000003,49175.666666666664,44356.333333333336,12717.0,7867.666666666667,3275.3333333333335,3807.3333333333335,3432.3333333333335,0.6933333333333334,3.7809523326666663,3.9575871313333333,14.335161963333332,110.52333333333334,Tech,CSCO,73.4921667322449
777,2018-12-31,40.51023901142857,22214561.904761903,0.2541269841269841,265.5472411079365,10.303968253968254,9.582222222222223,2.7606349206349208,57.9352380952381,2.1757142857142857,56.25666666666667,2.112063492063492,63.04031746031746,1.4438095238095237,1.8036507936507937,0.7312698412698413,8.188095238095238,6.892063492063492,26.64,43.612698412698414,0.8465079365079364,44036.88888888889,43612.88888888889,12988.761904761905,8064.222222222223,3637.4285714285716,4121.047619047619,3641.7301587301586,0.7663492063492063,3.814221744857143,4.101535301746032,14.2387336684127,106.65301587301587,Tech,CSCO,66.57084151247166
778,2019-03-31,43.35886858426229,20819562.295081966,1.940327868852459,48.75523760163935,10.679508196721311,9.388688524590165,2.83,54.00475409836066,1.9067213114754098,52.346065573770495,1.8467213114754097,61.639016393442624,1.4721311475409835,20.27409836065574,8.214754098360656,6.097540983606558,102.15590163934426,28.42311475409836,41.84344262295082,8.87655737704918,41143.81967213115,41842.098360655735,12661.508196721312,7901.4098360655735,3415.4918032786886,3894.9180327868853,3072.27868852459,0.6781967213114753,3.8992664639344263,4.44041650842623,14.715460809344263,103.48245901639345,Tech,CSCO,25.93899239042155
779,2019-06-30,49.58607022746032,16916579.365079366,2.8566666666666665,16.642748660000002,11.04,8.76,3.1566666666666667,49.24666666666666,1.7333333333333334,47.67333333333333,1.6733333333333333,60.876666666666665,1.5966666666666665,31.236666666666665,12.496666666666666,2.316666666666667,204.82333333333335,28.433333333333334,38.13,13.103333333333333,36556.333333333336,38132.333333333336,12787.333333333334,8039.666666666667,3412.3333333333335,3895.3333333333335,2970.0,0.67,4.307576662333334,5.457195013333333,15.072480733333334,99.01333333333334,Tech,CSCO,22.966495834603176
780,2019-09-30,46.96234911609375,11800870.3125,2.703125,18.606531830625002,11.4159375,8.1165625,3.34625,47.6053125,1.5753125,46.1740625,1.5218749999999999,62.934374999999996,1.8171875,30.71875,11.9628125,-1.1218750000000002,341.0703125,30.403750000000002,34.6803125,12.17,33835.8125,34682.34375,13266.4375,8436.15625,3629.15625,4099.0,2494.0625,0.5784374999999999,4.39562204715625,6.18842191375,14.9921404390625,97.618125,Tech,CSCO,29.121812205848215
781,2019-12-31,42.31593722140625,11223731.25,2.5423437499999997,17.97119455,11.70375,8.0409375,3.3728124999999998,43.890625,1.6317187499999999,42.52625,1.5753125,60.28015625,1.7690625,30.13734375,11.3734375,-1.5834375,1199.7896875,27.15515625,34.11453125,11.2228125,29967.71875,34116.8125,13255.671875,8503.53125,3618.890625,4080.96875,2667.25,0.6225,3.910522551296875,5.693637174953125,13.56157049375,94.3946875,Tech,CSCO,28.44531543238839
782,2020-03-31,40.24583610451613,13932083.870967742,2.543064516129032,16.736171745,11.829677419354837,8.291935483870969,3.426290322580645,40.615645161290324,1.772741935483871,39.26564516129033,1.7127419354838709,55.96709677419355,1.5974193548387097,31.073064516129033,11.55774193548387,-0.4135483870967742,-590.6574193548387,22.940161290322582,35.15403225806452,11.033064516129034,27391.564516129034,35157.032258064515,12395.870967741936,8001.096774193548,3447.4032258064517,3905.7580645161293,2894.2580645161293,0.68,3.597230629677419,5.1338864982096775,12.422080220806452,91.12774193548387,Tech,CSCO,27.36534848921659
783,2020-06-30,40.60371859079365,16602322.222222222,2.533333333333333,15.87313988,11.776666666666666,8.433333333333334,3.4633333333333334,40.89,1.6633333333333333,39.63333333333333,1.6166666666666667,55.42333333333333,1.5566666666666669,31.15666666666667,11.626666666666667,0.3466666666666667,-1572.6966666666667,24.65666666666667,35.650000000000006,10.87,28070.0,35649.666666666664,11990.333333333334,7768.666666666667,3402.6666666666665,3852.3333333333335,2808.6666666666665,0.66,3.414777277,4.770002877333334,11.61426722,91.07,Tech,CSCO,27.945420808639458
784,2020-09-30,40.6757060290625,16056115.625,2.5921875,16.3217850365625,11.635,8.7815625,3.4831250000000002,42.793125,1.6753125,41.5371875,1.62875,56.50375,1.5206250000000001,31.150624999999998,11.9575,1.8421875,1121.3628125,25.5396875,37.1603125,11.0621875,29128.53125,37159.625,12095.21875,7713.90625,3304.40625,3749.09375,2683.4375,0.636875,3.64021303515625,4.817738916125,12.1533653184375,93.660625,Tech,CSCO,33.39186037660714
785,2020-12-31,38.71176844828125,24419103.125,2.5184375,14.765158410625,11.4028125,9.009062499999999,3.5753125000000003,43.189375,1.6346875,41.896249999999995,1.5846875,56.8775,1.4934375,29.3828125,11.5659375,2.211875,1393.63375,26.419375,38.0775,10.7178125,29808.15625,38075.53125,12006.34375,7616.40625,2802.71875,3251.3125,2332.8125,0.55125,3.26673100359375,4.142811859125,10.4591010333125,94.9484375,Tech,CSCO,36.95117518714285
786,2021-03-31,44.57616781016394,24646114.75409836,2.404918032786885,16.526789287540986,11.31688524590164,9.198360655737703,3.468524590163934,43.62344262295082,1.603770491803279,42.23393442622951,1.5537704918032786,56.595245901639345,1.4555737704918033,27.33590163934426,10.908852459016392,2.6527868852459013,603.3398360655739,27.1827868852459,38.82098360655738,10.232786885245902,30408.590163934427,38820.737704918036,11950.344262295082,7720.770491803279,3019.6065573770493,3460.27868852459,2429.44262295082,0.5719672131147541,3.5057898161639343,4.308971286491803,11.481242641213115,95.41311475409836,Tech,CSCO,36.797005663536304
787,2021-06-30,50.30367811873016,16675806.349206349,2.4000000000000004,19.397451096666664,11.446666666666667,9.45,3.3333333333333335,39.343333333333334,1.5566666666666669,37.81333333333333,1.4933333333333334,54.62,1.3733333333333333,26.483333333333334,10.763333333333334,0.17666666666666678,600.7133333333334,25.263333333333335,39.84666666666667,10.190000000000001,25915.333333333332,39843.666666666664,12522.0,8051.333333333333,3384.3333333333335,3853.6666666666665,2757.0,0.6533333333333334,4.066622817,4.924630070666667,13.986363633333333,94.46666666666667,Tech,CSCO,35.19492622011337
788,2021-09-30,54.0311640503125,13595578.125,2.47046875,20.9589642109375,11.67796875,9.70796875,3.42765625,38.437343750000004,1.503125,36.87078125,1.4398437499999999,55.38984375,1.3534375,26.5553125,10.985,-0.73640625,1087.4606250000002,25.60375,40.928906250000004,10.46859375,24209.890625,40923.90625,13020.015625,8291.828125,3538.90625,4026.921875,2961.09375,0.70015625,4.43433611209375,5.333958138718749,15.10619912078125,96.31875000000001,Tech,CSCO,34.239183807455355
789,2021-12-31,55.38876551421875,13513781.25,2.62765625,20.550643124375,11.9078125,10.018437500000001,3.38921875,38.088750000000005,1.57734375,36.34734375,1.50390625,54.2446875,1.28609375,27.513125000000002,11.63421875,0.20218750000000002,2165.5246875,24.2309375,42.2340625,11.13421875,23730.5625,42233.09375,12974.15625,8148.484375,3482.953125,4001.515625,2989.515625,0.70328125,4.53078978346875,5.385900649828125,15.9280244109375,96.47875,Tech,CSCO,35.77078301071429
790,2022-03-31,55.17945031193548,25636312.903225806,2.7645161290322577,19.643872165806453,12.115483870967742,9.709999999999999,3.2790322580645164,37.05483870967742,1.484516129032258,35.06903225806452,1.404516129032258,54.28935483870968,1.3448387096774193,28.583870967741937,12.231935483870968,-1.353548387096774,-100.64903225806445,25.05548387096774,40.53225806451613,11.691290322580645,21833.322580645163,40529.87096774193,12778.064516129032,8050.290322580645,3471.1935483870966,3992.6774193548385,2975.2580645161293,0.7067741935483871,4.481059459645161,5.595775323870968,16.558600913225806,94.81483870967743,Tech,CSCO,35.481386242096775
791,2022-06-30,47.077860035409834,23788022.95081967,2.833606557377049,17.702000901311475,12.22032786885246,9.664590163934426,3.2432786885245903,36.24885245901639,1.4670491803278687,34.07459016393443,1.3803278688524592,53.17704918032787,1.3295081967213114,29.175573770491802,12.544590163934426,-1.319016393442623,-1497.947213114754,24.73032786885246,40.104918032786884,11.950983606557378,20437.508196721312,40103.60655737705,12797.295081967213,8097.393442622951,3569.6721311475408,4060.1311475409834,3020.72131147541,0.7234426229508196,4.102981026590164,5.191310102245901,15.456175173934424,93.27868852459017,Tech,CSCO,31.044403602646366
792,2009-03-31,8.710209846,146065788.0,0.504560855,31.73351005,1.730102125,2.36,0.671768926,22.08,10.11,0.0,0.0,3.67,0.12,19.87832989,17.89974772,26.23808984,24.19490086,2.18,29.85,6.02290463,18832.94756,31511.68787,5516.334166,3400.817539,1855.405153,2245.767046,1438.098089,0.120745127,8.64127318,5.711204234,22.83556345,31.82416584,Tech,GOOGL,10.749064623333334
793,2009-06-30,10.031849240222222,136310917.7142857,0.504560855,31.73351005,1.730102125,2.36,0.671768926,22.08,10.11,0.0,0.0,3.67,0.12,19.87832989,17.89974772,26.23808984,24.19490086,2.18,29.85,6.02290463,18832.94756,31511.68787,5516.334166,3400.817539,1855.405153,2245.767046,1438.098089,0.120745127,8.64127318,5.711204234,22.83556345,31.82416584,Tech,GOOGL,9.925217736084656
794,2009-09-30,11.3827889855625,86641459.3125,0.495116011,31.65005714,1.749399954,2.5,0.67160236,23.84,11.91,0.0,0.0,3.56,0.11,19.84731775,17.84370741,27.40815004,24.15283613,2.0,31.6,6.087235314,19344.0,31595.0,5523.0,3415.0,1874.0,2251.0,1485.0,0.12,8.481523642,5.643873116,23.24720523,34.48295848,Tech,GOOGL,10.750565782700892
795,2009-12-31,14.1499663146875,83488428.0,0.502763088,29.82343061,1.794164132,2.66,0.671259568,26.35,11.35,0.0,0.0,3.98,0.12,19.96022673,17.9382503,28.91969553,24.19103226,2.32,33.72,6.310714568,21994.0,33722.0,5945.0,3719.0,2074.0,2453.0,1639.0,0.13,8.33428897,5.541302218,23.89720834,37.82973646,Tech,GOOGL,12.34351059642857
796,2010-03-31,13.973022210655738,58900974.49180328,0.51,30.49019608,1.85,2.83,0.67,29.17,10.62,0.0,0.0,4.49,0.13,19.88,17.76,30.33,24.06,2.75,36.0,6.52,24485.0,36004.0,6674.0,4266.0,2480.0,2845.0,1973.0,0.15,8.405405405,5.494699647,23.20895522,40.5,Tech,GOOGL,6.3789988548243555
797,2010-06-30,12.83162129079365,80003662.28571428,0.55,25.85454545,1.95,3.01,0.69,31.13,10.65,0.0,0.0,4.59,0.12,20.21,18.06,32.37,24.18,2.92,38.28,7.05,26514.0,38283.0,6775.0,4323.0,2488.0,2819.0,1955.0,0.15,7.292307692,4.724252492,20.60869565,42.87,Tech,GOOGL,13.564409705986392
798,2010-09-30,12.0676965865625,139113559.6875,0.58,19.24137931,2.04,3.19,0.7,35.16,6.12,0.0,0.0,7.43,0.18,19.94,17.52,33.92,23.77,5.75,40.61,7.41,30059.0,40613.0,6820.0,4353.0,2365.0,2707.0,1840.0,0.14,5.470588235,3.498432602,15.94285714,48.05,Tech,GOOGL,16.43179480825893
799,2010-12-31,14.76131600140625,86062663.6875,0.62,21.27419355,2.14,3.39,0.67,39.45,4.63,0.0,0.0,10.05,0.23,20.06,17.18,36.2,23.9,8.53,43.29,7.94,33380.0,43290.0,7286.0,4734.0,2547.0,2889.0,2167.0,0.17,6.163551402,3.890855457,19.68656716,53.34,Tech,GOOGL,16.303711252709824
800,2011-03-31,15.104148510645162,39819366.58064516,0.66,22.57575758,2.27,3.6,0.55,41.56,4.16,0.0,0.0,11.61,0.25,20.2,16.83,38.94,24.05,10.0,46.24,8.51,34975.0,46241.0,8440.0,5494.0,2981.0,3362.0,2543.0,0.2,6.563876652,4.138888889000001,27.09090909,57.85,Tech,GOOGL,19.201404258497696
801,2011-06-30,13.216228151428572,57419094.85714286,0.68,21.63235294,2.4,3.79,0.54,43.31,4.64,0.0,0.0,11.11,0.23,18.66,15.23,41.53,22.17,9.33,48.85,8.35,36675.0,48851.0,8575.0,5639.0,2296.0,2697.0,1798.0,0.14,6.129166667,3.881266491,27.24074074,59.96,Tech,GOOGL,18.895141278165532
802,2011-09-30,13.7773984375,93978177.75,0.73,17.39726027,2.57,4.03,0.61,46.44,5.96,0.0,0.0,12.87,0.25,18.94,15.28,43.93,22.45,7.8,51.99,9.01,39118.0,51991.0,9026.0,5854.0,2881.0,3336.0,2505.0,0.19,4.941634241,3.151364764,20.81967213,64.86,Tech,GOOGL,13.946694780799106
803,2011-12-31,14.877655437777777,116147736.0,0.77,16.77922078,2.74,4.23,0.7,50.04,5.63,0.0,0.0,14.26,0.26,18.97,15.21,46.37,22.43,8.89,54.83,9.58,42560.0,54830.0,9720.0,6342.0,3058.0,3550.0,2729.0,0.21,4.715328467,3.054373522,18.45714286,69.09,Tech,GOOGL,12.214564844904762
804,2012-03-31,15.42901774419355,71220708.0,0.78,20.76923077,2.9,4.47,0.85,52.76,5.92,52.72,5.92,14.43,0.25,18.22,14.62,49.22,21.51,8.91,58.15,9.74,44626.0,58145.0,10584.0,6882.0,3507.0,4010.0,2705.0,0.21,5.586206897,3.624161074,19.05882353,72.57,Tech,GOOGL,12.711241496451615
805,2012-06-30,14.971431763174602,92335572.0,0.83,19.37349398,3.05,4.73,0.91,56.86,5.84,0.0,0.0,15.43,0.25,19.11,15.27,52.85,22.52,9.74,61.71,10.83,49316.0,61712.0,10645.0,6856.0,3389.0,3900.0,2890.0,0.22,5.272131148000001,3.399577167,17.67032967,77.14,Tech,GOOGL,12.976234404861676
806,2012-09-30,16.44605707746032,100679220.0,0.84,17.32142857,3.25,4.95,0.97,53.86,3.84,53.22,3.79,21.33,0.33,18.56,14.58,46.74,22.77,14.03,64.72,11.11,43122.0,64721.0,11807.0,7130.0,3237.0,3907.0,2785.0,0.21,4.476923077,2.939393939,15.0,86.05,Tech,GOOGL,12.971409531900225
807,2012-12-31,17.511672912419357,110338260.96774194,0.8,23.65,3.5,5.18,0.95,56.82,3.94,56.2,3.89,21.7,0.32,16.72,12.97,49.79,21.26,14.43,68.03,10.56,45724.0,68028.0,13304.0,7349.0,2740.0,3568.0,2176.0,0.16,5.405714286,3.652509653,19.91578947,89.73,Tech,GOOGL,14.09743102362903
808,2013-03-31,19.482211335666666,56023920.0,0.84,21.11904762,3.79,5.429999999999999,1.5,60.45,4.22,59.95,4.18,22.08,0.31,16.14,12.390000000000002,53.71,21.15,14.34,71.72,10.74,48088.0,71715.0,10283.0,7528.0,4468.0,5421.0,2886.0,0.22,4.680738786,3.267034991,11.82666667,93.8,Tech,GOOGL,12.844577881869048
809,2013-06-30,21.25254562515625,91420488.0,0.88,22.63636364,3.86,5.7,1.42,62.81,4.74,62.16,4.69,21.22,0.28,15.99,12.22,57.55,21.55,13.25,75.47,11.19,50098.0,75473.0,12951.0,7815.0,3748.0,4647.0,3346.0,0.25,5.160621762,3.494736842,14.02816901,96.69,Tech,GOOGL,13.037056384638394
810,2013-09-30,22.20504501484375,93197147.0625,0.95,23.24210526,3.83,5.92,1.41,66.86,4.36,66.52,4.34,22.33,0.28,15.83,12.2,60.9,20.97,15.33,78.85,11.64,54432.0,78852.0,13107.0,7912.0,3465.0,4495.0,3228.0,0.24,5.765013055,3.72972973,15.65957447,101.18,Tech,GOOGL,13.207878474062499
811,2013-12-31,25.4076107146875,50287474.6875,0.92,23.88043478,3.72,6.21,1.47,68.86,4.76,68.62,4.74,22.08,0.27,16.09,12.53,65.27,20.94,14.48,82.99,12.43,56523.0,82989.0,13754.0,8345.0,3761.0,4735.0,2970.0,0.22,5.905913978,3.53784219,14.94557823,105.07,Tech,GOOGL,14.194664614375
812,2014-03-31,29.25407797409836,50064573.836065575,0.95,29.57894737,4.01,6.5,0.77,72.89,4.58,0.0,0.0,23.61,0.27,15.69,12.31,69.75,20.09,15.91,87.31,12.73,58717.0,87309.0,15707.0,9454.0,4429.0,5465.0,3189.0,0.23,7.007481297,4.323076923,36.49350649,110.92,Tech,GOOGL,16.71653415918033
813,2014-06-30,27.613715247619048,89474538.53968254,0.85,32.88235294,3.82,6.8,0.88,75.31,4.63,74.98,4.61,24.82,0.27,15.07,11.84,72.22,19.15,16.27,91.71,12.84,59379.0,91711.0,15420.0,9459.0,4115.0,5201.0,3452.0,0.25,7.316753927,4.110294118,31.76136364,116.53,Tech,GOOGL,18.624235277142855
814,2014-09-30,29.46835154390625,40151750.0,0.95,30.76842105,4.12,7.08,0.16,77.91,4.56,77.61,4.54,25.86,0.27,14.49,11.42,75.93,18.31,17.1,95.75,12.96,61204.0,95749.0,15955.0,9841.0,4258.0,5337.0,3351.0,0.24,7.094660194,4.128531073,182.6875,121.61,Tech,GOOGL,21.058743583214287
815,2014-12-31,27.31569549421875,22844281.25,0.92,31.97826087,4.27,7.28,0.17,80.12,4.47,79.84,4.46,26.97,0.27,13.63,10.72,78.61,17.17,17.92,98.82,12.73,62157.0,98815.0,16523.0,9828.0,3724.0,5271.0,2739.0,0.2,6.889929742,4.041208791,173.0588235,125.78,Tech,GOOGL,24.680436234754463
816,2015-03-31,27.08882810213115,21034557.37704918,1.05,25.26666667,4.47,7.63,0.2,78.66,4.69,0.0,0.0,25.33,0.24,14.49,11.47,83.65,18.22,16.78,103.86,14.14,64395.0,103860.0,18103.0,11182.0,4399.0,5666.0,4594.0,0.33,5.935123043,3.47706422,132.65,129.19,Tech,GOOGL,22.099921082388757
817,2015-06-30,27.46840467968254,24993841.26984127,1.06,26.16981132,4.57,7.95,0.3,80.31,5.6,0.0,0.0,24.95,0.23,13.96,11.14,88.5,17.39,14.34,108.45,14.2,65436.0,108448.0,17258.0,10902.0,4447.0,5624.0,3515.0,0.26,6.070021882,3.489308176,92.46666667000001,133.4,Tech,GOOGL,20.490165350226757
818,2015-09-30,32.1942111253125,37824343.75,1.06,25.47169811,4.69,8.15,1.04,84.16,4.85,0.0,0.0,27.02,0.24,13.48,10.82,91.96,16.64,17.36,111.78,14.26,69780.0,111783.0,17727.0,11144.0,4825.0,6059.0,3409.0,0.25,5.756929638,3.312883436,25.96153846,138.81,Tech,GOOGL,20.545128808772322
819,2015-12-31,37.00771868203125,41918062.5,1.14,27.94736842,4.83,8.45,1.05,88.1,4.77,0.0,0.0,28.04,0.24,14.08,11.36,96.54,17.19,18.46,116.24,15.5,72767.0,116241.0,18675.0,11638.0,4708.0,5956.0,3979.0,0.27,6.596273292,3.770414201,30.34285714,144.28,Tech,GOOGL,19.814108798794642
820,2016-03-31,36.81442623491803,28759934.426229507,1.15,33.82608696,5.04,8.75,1.12,90.11,4.67,89.62,4.64,27.13,0.23,13.86,11.23,100.62,16.76,19.31,120.33,15.83,73066.0,120331.0,21329.0,13141.0,5380.0,6784.0,4923.0,0.37,7.718253968,4.445714286,34.73214286,147.46,Tech,GOOGL,21.953524911522248
821,2016-06-30,36.700601578125,40438625.0,1.19,32.05882353,5.23,9.0,1.21,90.96,5.14,0.0,0.0,26.18,0.21,14.0,11.39,104.05,16.81,17.68,123.57,16.52,75264.0,123569.0,20257.0,12609.0,5342.0,6713.0,4207.0,0.3,7.294455067,4.238888889,31.52892562,149.75,Tech,GOOGL,39.68499582171875
822,2016-09-30,39.10964846671875,42872062.5,1.29,27.27131783,5.48,9.31,1.37,94.24,5.43,0.0,0.0,26.41,0.21,14.74,12.08,108.59,17.56,17.34,127.88,17.99,78460.0,127879.0,21500.0,13370.0,5968.0,7458.0,4877.0,0.35,6.419708029,3.778732546,25.67883212,154.29,Tech,GOOGL,12.27776882888393
823,2016-12-31,39.98334127777778,27000000.0,1.37,29.34306569,5.73,9.73,1.62,98.55,6.88,97.99,6.84,25.85,0.19,15.08,12.47,114.71,17.82,14.32,134.1,19.07,83056.0,134103.0,22451.0,13752.0,5767.0,7363.0,5061.0,0.36,7.015706806,4.131551901,24.81481481,159.95,Tech,GOOGL,12.882915427142859
824,2017-03-31,42.04879034725806,34464290.32258064,1.39,28.50359712,6.04,10.06,1.74,105.41,6.29,105.14,6.28,28.46,0.21,14.85,12.34,119.26,17.45,16.76,139.04,19.48,86333.0,139036.0,26064.0,15403.0,6639.0,8326.0,5333.0,0.38,6.559602649,3.938369781,22.77011494,167.5,Tech,GOOGL,20.772507377119815
825,2017-06-30,46.77515090444444,19704603.174603175,1.48,28.64189189,6.34,10.47,1.87,108.79,7.13,108.51,7.11,27.81,0.19,15.16,12.65,125.27,17.7,15.26,144.95,20.7,92439.0,144949.0,24750.0,14955.0,6568.0,8071.0,5426.0,0.39,6.686119874,4.048710602,22.6684492,172.76,Tech,GOOGL,21.601978456349208
826,2017-09-30,47.428301553968254,64134000.0,1.38,33.68115942,6.63,10.7,1.7,112.39,6.02,111.99,5.99,30.34,0.21,13.66,11.4,128.75,15.86,18.69,148.29,19.34,94713.0,148286.0,26010.0,15637.0,4132.0,5757.0,3524.0,0.25,7.010558069,4.343925234,27.34117647,178.62,Tech,GOOGL,38.8605272271882
827,2017-12-31,51.6239604036508,40622000.0,1.49,32.67785235,6.98,11.31,1.62,119.35,5.77,118.58,5.73,32.44,0.21,14.26,11.87,137.49,16.46,20.69,157.1,21.02,100143.0,157100.0,27772.0,16624.0,7782.0,9543.0,6732.0,0.48,6.975644699,4.305039788,30.05555556,189.54,Tech,GOOGL,35.8339719884127
828,2018-03-31,55.444385090163934,23606000.0,0.9,58.52222222,7.39,10.97,1.59,124.31,5.14,123.56,5.11,44.79,0.29,8.4,6.86,133.06,9.66,24.18,152.5,12.66,101871.0,152502.0,32323.0,18056.0,7696.0,9722.0,-3020.0,-0.22,7.127198917,4.801276207999999,33.12578616,197.3,Tech,GOOGL,24.8426470306089
829,2018-06-30,54.39177328328125,69338000.0,1.18,43.94915254,7.81,11.57,1.41,123.76,4.87,123.13,4.85,46.11,0.29,10.76,8.62,140.15,12.34,25.39,160.83,16.64,102885.0,160825.0,31146.0,17679.0,7633.0,9619.0,9401.0,0.67,6.640204866,4.482281763,36.78014184,206.94,Tech,GOOGL,11.917265570111612
830,2018-09-30,60.5374523952381,31562000.0,1.15,49.09565217,8.25,11.64,1.41,124.16,4.15,123.46,4.13,49.61,0.31,10.31,8.1,141.44,11.81,29.9,162.0,16.31,102254.0,162000.0,32657.0,18774.0,3045.0,5159.0,3195.0,0.23,6.843636364,4.850515464,40.04255319,211.61,Tech,GOOGL,73.4921667322449
831,2018-12-31,54.04137299587302,35592730.15873016,1.33,45.37593985,8.65,12.2,1.52,129.7,4.14,128.49,4.11,51.7,0.3,11.64,8.97,149.5,13.31,31.3,169.84,18.77,106416.0,169840.0,33740.0,19459.0,8625.0,10980.0,9192.0,0.65,6.976878613,4.946721311,39.70394737,221.54,Tech,GOOGL,66.57084151247166
832,2019-03-31,56.45783608836066,34398000.0,2.19,23.85844749,9.11,12.77,1.52,135.68,3.92,134.57,3.89,55.16,0.31,18.34,14.08,157.52,20.89,34.62,177.63,30.74,109140.0,177628.0,39276.0,21358.0,8221.0,10801.0,8948.0,0.64,5.735455543,4.091620987,34.375,232.79,Tech,GOOGL,25.93899239042155
833,2019-06-30,57.889460246031746,30890000.0,1.99,29.5678392,9.47,13.2,1.72,138.21,3.96,137.15,3.93,61.88,0.34,16.16,12.29,163.47,18.3,34.91,183.47,27.99,113488.0,183472.0,36339.0,20327.0,6608.0,9221.0,6657.0,0.48,6.213305174,4.457575758,34.20930233,245.35,Tech,GOOGL,22.966495834603176
834,2019-09-30,59.2209845190625,33679031.25,2.48,21.83064516,9.9,13.85,1.85,147.44,3.99,146.47,3.96,64.91,0.34,19.22,14.53,172.29,21.62,37.0,192.19,34.74,121056.0,192192.0,38944.0,21648.0,9180.0,12015.0,9947.0,0.71,5.468686869,3.909025271,29.26486486,257.1,Tech,GOOGL,29.121812205848215
835,2019-12-31,64.50353860875,33901250.0,2.33,26.20600858,10.38,14.11,3.09,148.36,3.78,146.96,3.75,68.08,0.35,17.44,13.07,175.15,19.52,39.22,194.97,32.62,121177.0,194969.0,40499.0,22931.0,9177.0,12097.0,7068.0,0.51,5.882466281,4.327427356,19.7605178,263.04,Tech,GOOGL,28.44531543238839
836,2020-03-31,67.76348397064517,20618870.967741936,3.3,20.29393939,12.22,14.63,4.28,152.58,3.37,151.58,3.35,74.47,0.37,17.79,13.19,178.84,19.92,45.22,201.44,34.34,119675.0,201442.0,46075.0,25055.0,9266.0,12679.0,10671.0,0.77,5.480360065,4.577580314,15.64719626,275.91,Tech,GOOGL,27.36534848921659
837,2020-06-30,67.42451579968255,58519142.85714286,3.08,18.86363636,12.4,14.89,4.21,147.02,3.66,146.13,3.64,69.74,0.34,17.43,12.91,181.09,19.52,40.19,203.66,34.52,117229.0,203659.0,41159.0,22177.0,7977.0,11085.0,6836.0,0.49,4.685483871,3.901947616,13.80047506,273.4,Tech,GOOGL,27.945420808639458
838,2020-09-30,76.19058585171875,44866843.75,3.08,23.01948052,12.29,15.22,3.04,149.07,3.41,148.25,3.4,71.17,0.34,15.62,11.56,184.8,17.52,43.66,207.32,31.53,121080.0,207322.0,38297.0,19744.0,6383.0,9769.0,6959.0,0.51,5.768917819,4.658344284,23.32236842,278.49,Tech,GOOGL,33.39186037660714
839,2020-12-31,84.124765395625,31647406.25,2.59,28.29343629,11.64,15.71,2.91,164.37,3.41,163.53,3.39,86.32,0.41,17.31,12.67,190.53,19.43,48.2,212.92,35.71,132596.0,212920.0,46173.0,25056.0,11213.0,14691.0,11247.0,0.82,6.295532646,4.664544876,25.18213058,299.24,Tech,GOOGL,36.95117518714285
840,2021-03-31,98.69173781475409,21129049.18032787,2.94,29.80612245,12.43,16.48,2.92,174.3,3.07,173.57,3.05,97.07,0.44,19.03,13.76,199.92,21.3,56.83,222.54,40.27,136694.0,222544.0,56898.0,30818.0,15651.0,19376.0,15227.0,1.11,7.049879324,5.317354369,30.01027397,319.62,Tech,GOOGL,36.797005663536304
841,2021-06-30,116.79708716825397,27245269.84126984,3.01,34.26245847,11.56,17.14,3.61,172.14,3.1,171.25,3.09,97.08,0.42,23.54,16.78,205.85,26.3,55.45,230.01,51.36,135104.0,230013.0,55314.0,31211.0,16437.0,19190.0,17930.0,1.32,8.921280277,6.016919487,28.56786704,327.1,Tech,GOOGL,35.19492622011337
842,2021-09-30,136.073023678125,23228937.5,3.8,32.12894737,13.91,17.79,1.68,175.7,3.15,174.79,3.14,97.82,0.41,27.87,19.64,213.53,31.08,55.74,237.57,62.93,135863.0,237565.0,61880.0,35653.0,19361.0,22306.0,18525.0,1.36,8.777138749,6.862844295,72.67261905,335.39,Tech,GOOGL,34.239183807455355
843,2021-12-31,144.0247736,30611125.0,4.7,28.44255319,15.81,18.4,2.4,184.11,2.98,182.83,2.96,102.84,0.42,30.22,21.25,220.4,33.64,61.78,244.57,70.62,142003.0,244567.0,65118.0,37497.0,21031.0,24335.0,18936.0,1.4,8.45540797,7.265217391,55.7,347.4,Tech,GOOGL,35.77078301071429
844,2022-03-31,135.82704864193548,15755677.41935484,5.41,26.77449168,17.86,19.0,2.88,188.14,2.93,186.97,2.91,107.63,0.43,31.56,22.21,227.26,35.08,64.25,251.64,76.03,139649.0,251635.0,75325.0,42337.0,21885.0,25324.0,20642.0,1.54,8.110302352,7.623684211,50.29513889,359.27,Tech,GOOGL,35.481386242096775
845,2022-06-30,117.87800836065574,19884000.0,5.53,25.148282099999996,18.76,19.28,2.79,177.85,2.87,176.48,2.85,103.09,0.41,30.18,21.31,229.68,33.47,61.95,254.0,74.54,133970.0,254004.0,68011.0,38412.0,20094.0,23876.0,16436.0,1.23,7.413113006,7.213174274,49.84587814,357.1,Tech,GOOGL,31.044403602646366
